1504 2564
112 178 135 217 ⁷2
272 175 298 218 Q<
311 175 435 216 nonam
448 175 546 216 Funccr

162 292 205 332 Dos
210 296 243 331 est
250 301 327 340 magna
335 291 457 341 parentium

186 343 265 388 Virtus,
275 346 297 381 et
303 348 401 381 metuens
409 342 496 383 alterins
505 344 546 382 viri

162 393 222 434 Certo
230 393 309 432 ioedere
317 393 408 439 castitas,

188 444 306 504 Etpeccare
314 443 380 489 nefas,
390 447 428 481 aut
435 444 527 493 pretium
535 445 608 483 emori.

162 495 181 534 0
188 494 285 544 quisquis
293 493 351 533 volet
358 493 434 542 impias

188 545 260 584 Caedes
268 548 290 583 et
298 545 378 583 rabiem
386 543 461 583 wilere
469 544 566 591 civicam,

162 596 185 635 si
190 599 271 644 quaeret
279 594 342 633 Pater
354 594 444 633 Urbium

187 645 294 684 subscribi
302 645 384 689 statuis.
394 645 519 690 indomitam
530 645 610 685 audeat

163 695 286 735 Reiraensre
294 695 409 741 fidentiam,

188 746 260 785 clarus
269 745 398 795 postponitis,
408 746 569 795 quatenmheu
580 745 647 794 nefas,

164 796 269 836 Virtutem
276 796 405 836 incolumem
413 796 503 842 odimus.

188 848 298 886 Sublatam
306 857 334 886 ex
341 846 408 886 oculis
416 847 532 896 quaerimus
540 847 614 887 invidi.

164 898 222 945 Quid
229 899 298 937 tristes
306 897 451 947 querimoniae,

189 949 211 987 Si
219 960 262 988 nou
269 947 372 1008 supplicio
380 947 444 996 culpa
451 946 568 987 reciditur?

165 1000 221 1045 Quid
229 999 292 1047 leges,
301 1009 347 1038 sine
355 998 449 1037 moribus

190 1049 262 1095 Vanae,
270 1049 388 1099 proficiunt,
397 1049 416 1087 si
424 1059 493 1097 neque
500 1046 587 1087 fervidis

165 1100 215 1139 Pars
223 1100 306 1139 inclusa
314 1098 419 1138 caloribus

190 1151 273 1196 Mundi,
282 1161 321 1188 nec
331 1149 404 1188 Boreae
411 1149 526 1188 finitimum
533 1148 597 1195 latus,

166 1200 294 1249 Durataeque
303 1198 347 1239 solo
355 1201 421 1245 nives,

190 1252 328 1291 Mercatorem
337 1250 440 1298 abigunti
452 1249 538 1289 horrida
546 1248 618 1288 callidi

166 1300 260 1341 Vincunt
266 1311 353 1350 aequora
360 1300 437 1339 nevitae
445 1301 453 1338 i

191 1352 293 1400 Magnum
301 1351 412 1401 pauperies
420 1350 555 1410 opprobrium
561 1350 624 1399 jubet

166 1401 254 1448 Quidvis
261 1406 283 1440 et
290 1401 360 1440 iacere
369 1405 390 1440 et
397 1405 448 1450 patr,

192 1452 322 1501 virtutisque
329 1452 387 1490 viam
394 1451 472 1490 deserit
480 1451 565 1490 arduaei

166 1501 206 1541 Vel
213 1514 252 1542 nos
259 1504 282 1541 in
292 1501 425 1551 Capitolium,

191 1553 239 1600 Quo
245 1553 325 1592 clamor
331 1556 393 1592 vocat
400 1556 422 1590 et
430 1551 492 1591 truba
500 1551 624 1596 faventium,

167 1602 206 1642 Vel
214 1615 252 1643 nos
260 1605 283 1642 in
291 1613 349 1642 mars
357 1604 478 1651 proximum

193 1655 298 1700 Gemmas,
306 1658 328 1692 et
334 1653 422 1702 lapides,
431 1663 507 1692 aurum
516 1657 538 1692 et
546 1652 628 1698 Inutile,

167 1705 248 1744 Summi
256 1704 366 1744 materiem
373 1702 431 1749 mali,

193 1756 310 1801 Mittamus,
319 1753 422 1793 scelerum
430 1754 508 1793 ribene
516 1753 613 1803 poenitet

168 1805 280 1844 Eradenda
287 1804 392 1853 cupidinis

194 1856 255 1894 Pravi
263 1860 312 1895 sunt
320 1854 435 1899 elementa
449 1857 471 1893 et
478 1858 557 1893 tenerae
566 1854 630 1894 nimis

168 1905 251 1946 Mentes
259 1905 399 1955 asperioribus

194 1955 316 1995 Formandae
325 1955 406 1994 studiis.
433 1954 505 1995 Nescit
512 1966 568 2005 equo
576 1955 635 1995 rudis

169 2005 255 2044 Haerere
262 2007 367 2055 ingenuus
374 2016 433 2053 puer,

195 2057 314 2104 venarique
322 2055 389 2101 timet,
397 2055 471 2095 ludere
478 2057 567 2102 doctich

169 2105 211 2144 Seu
220 2107 293 2145 Graeco
297 2106 374 2155 jubeas
382 2105 461 2152 necho.

195 2155 236 2195 Seu
243 2156 305 2195 malis
312 2156 378 2194 vetita
386 2155 468 2204 legibus
476 2157 523 2196 alea
530 2170 534 2195 :

171 2205 241 2250 Quum
248 2208 332 2255 periura
339 2206 405 2253 patris
412 2206 465 2246 iides

194 2256 315 2295 consortem
323 2256 404 2294 socium
411 2255 473 2299 fallat
480 2263 501 2296 et
509 2258 623 2308 hospitem,
