1562 2568
211 181 414 221 EPISTOLARUM
428 183 476 223 LIB
490 184 508 222 1.
624 184 660 223 197

27 332 28 335 ,
59 298 90 337 Te
99 298 171 337 dicas:
185 308 235 337 neni
244 298 261 337 si
270 299 324 337 ratio
333 302 355 337 et
362 299 476 347 prudentia
485 310 552 345 curas,

7 386 8 389 ,
60 349 110 387 Non
118 348 177 387 locus
185 348 244 387 eflirsi
253 349 296 387 late
304 350 368 388 meris
376 351 460 392 arbiter.
470 350 551 394 aufem

60 399 150 445 Caelum,
165 411 208 438 non
222 401 324 445 animum,
334 405 419 440 mutant
431 402 468 450 qui
480 405 538 439 trans
547 411 604 439 mare
613 412 660 439 cur-

110 452 167 488 runt.

60 500 151 538 Strenua
160 511 197 538 nos
206 506 289 539 exercet
298 502 386 540 inertis:
401 502 491 540 navibus
499 506 563 550 atque

7 566 8 575 κ
60 551 173 598 Qnadrigis
181 551 272 599 petimus
280 552 335 590 bene
343 553 413 590 vivere
421 565 426 590 ε
440 554 497 601 quod
503 554 564 601 petis,
572 552 607 591 hic
615 557 657 596 est;

7 622 8 637 ι
62 601 99 639 Est
107 600 201 646 Ulubris,
210 602 295 640 animus
304 602 322 640 si
331 606 352 639 te
361 614 403 641 non
412 603 483 642 deficit
491 614 573 652 aequus.
655 623 713 729 'l-

259 768 396 809 EPISTOLA
410 770 462 809 ΧΠ,

287 868 321 906 An
339 868 432 906 locrnu.

61 946 195 984 Frucrrsus
204 945 302 993 Agrippae
311 943 393 989 Siculis,
403 954 456 992 quos
465 943 552 992 colligis.
563 945 611 990 loci,

7 1018 8 1027 κ
61 996 147 1034 sirecte
156 995 238 1039 frueris,
248 1006 291 1033 non
300 998 332 1033 est
340 999 365 1032 ut
373 995 434 1042 copia
442 995 510 1042 maior

62 1047 94 1085 Ab
103 1046 155 1084 Jove
164 1047 238 1084 donari
248 1046 313 1094 possit
321 1045 372 1083 tibi:
387 1044 438 1082 tolle
446 1043 553 1093 querelam

61 1096 144 1145 Pauper
152 1097 210 1135 enim
217 1107 260 1135 non
269 1101 301 1134 est
309 1095 343 1134 cui
351 1106 421 1133 rerum
429 1095 522 1144 suppetit
530 1106 587 1134 usus.

62 1148 83 1186 Si
92 1147 160 1185 ventri
168 1147 230 1192 bene,
237 1147 255 1185 si
263 1146 325 1185 lateri
334 1150 366 1184 est
373 1146 505 1194 pedibusque
514 1147 563 1190 tuis,
573 1145 603 1184 nii

61 1198 146 1237 Divitiae
155 1202 254 1246 poterunt
263 1195 343 1245 regales
351 1197 428 1234 addere
436 1197 511 1244 majus.

5 1274 6 1295 p
62 1248 84 1287 St
92 1247 145 1286 forte
154 1248 177 1285 in
186 1248 256 1286 medlo
264 1248 381 1296 positorum
388 1243 504 1286 abstemius
512 1246 583 1287 herbis

5 1314 6 1317 ¹
62 1298 120 1337 Vivis
129 1303 151 1336 et
158 1299 233 1341 urtice.
243 1299 273 1337 sic
282 1299 340 1337 vives
347 1303 455 1347 protenus,
465 1302 490 1337 ut
499 1302 520 1336 te

61 1349 175 1388 Confestim
184 1348 277 1397 liquidus
283 1350 374 1388 fortunae
383 1350 441 1388 rivus
449 1349 545 1388 inauret:

61 1399 100 1438 Vei
109 1400 160 1448 quia
168 1404 266 1438 naturam
275 1404 358 1438 mutere
365 1400 457 1448 pecunia
465 1400 540 1443 nescit;
636 1401 659 1437 10

61 1450 100 1489 Vel
109 1451 160 1499 quia
168 1458 245 1489 cuncta
253 1455 315 1499 putas
323 1462 367 1488 una
374 1452 452 1489 virtute
460 1451 550 1489 minora.

61 1501 171 1542 Miramur.
181 1500 200 1539 si
209 1501 324 1539 Democriti
330 1512 395 1549 pecus
403 1501 448 1539 edit
455 1500 534 1550 agellos

61 1552 172 1638 Cultaqpc,
191 1551 242 1589 dum
260 1562 346 1600 peregre
362 1559 394 1589 est
412 1553 496 1590 animus
510 1552 556 1590 sine
573 1562 658 1600 corpore

110 1613 135 1640 ve
145 1612 184 1644 ox;

61 1653 132 1699 Quum
144 1656 168 1689 tu
176 1651 231 1689 inter
238 1650 331 1689 scabiem
339 1655 421 1689 tantam
430 1657 451 1690 et
458 1653 555 1699 contagia
563 1651 617 1690 lucri

62 1703 98 1741 Nil
107 1712 195 1751 parvum
204 1701 279 1749 sapias,
289 1706 311 1740 et
319 1702 388 1740 adhuc
396 1702 496 1741 sublimis
502 1712 574 1740 cures:

60 1754 114 1800 Quae
129 1762 188 1790 mare
204 1755 339 1800 compescant
351 1762 432 1796 csusae;
447 1752 499 1800 quid
511 1756 615 1801 temperet
622 1763 659 1790 an-

110 1814 175 1846 nunu

61 1853 133 1892 Stellae
143 1854 217 1902 sponte
226 1863 271 1896 sua,
278 1853 371 1900 jnssaene
379 1856 483 1899 vagentur
491 1855 512 1890 ct
520 1857 602 1897 errent;

61 1904 117 1947 Quid
125 1908 208 1953 premnt
214 1903 327 1941 obscurum
335 1902 407 1947 Lunae‚
417 1903 469 1950 quid
475 1903 566 1951 proferat
574 1904 657 1948 orbern;
772 1918 773 1963 p

61 1955 118 2001 Quid
126 1953 178 1993 velit
186 1958 207 1992 et
215 1954 281 2003 possit
289 1964 359 1992 rerum
368 1954 479 1992 concordia
487 1954 578 1998 discors;
772 1978 773 2003 p

62 2004 207 2055 Empedocles,
217 2016 244 2042 an
254 2004 378 2043 Stertinium
387 2003 462 2043 deliret
473 2015 570 2043 acumen.
634 2007 659 2044 20
772 2012 773 2023 ¹

60 2054 140 2097 Verum
148 2067 184 2095 seu
194 2055 262 2103 pisces
271 2066 309 2093 seu
318 2066 403 2104 porrum
411 2059 434 2095 et
441 2065 499 2104 caepe
509 2055 607 2102 trucides,

61 2105 128 2149 Utere?
133 2102 235 2155 Pompeio
244 2106 349 2155 Grospho;
364 2110 391 2152 et,
401 2106 479 2154 siquid
487 2105 620 2161 petetpltrof

61 2154 137 2197 Boset:
146 2157 181 2195 nil
191 2157 298 2205 Grosphus
307 2158 347 2195 nisi
354 2168 428 2195 verum
435 2158 504 2196 orabit
512 2162 533 2196 et
539 2164 633 2206 aequurn.

61 2202 116 2249 Vffis
122 2208 238 2249 annorum
248 2211 279 2247 est
287 2218 379 2254 annona,
388 2208 449 2247 bonis
457 2208 495 2248 ubi
503 2208 555 2257 quid
563 2209 628 2248 deest.
