1562 2568
202 184 373 225 SATIRARUM
386 185 441 224 ΗΒ.
451 185 481 223 11.
603 189 638 225 155

39 302 109 342 lenta
116 300 172 340 ieret
179 300 262 350 pituita.
289 300 359 346 Vides,
369 305 394 340 ut
400 301 492 350 pallidus
500 301 569 340 omnis

40 354 106 393 Coena
114 352 214 398 desurgat
222 351 299 390 dubia?
325 352 381 393 Quin
390 363 465 401 corpus
474 355 574 391 onustum

40 402 153 442 Hesternis
161 402 217 440 vitiis
225 402 320 441 animum
328 414 412 451 quoque
420 406 537 452 praegravat
544 413 594 448 uua,

40 456 112 502 Atque
121 452 187 500 affigit
194 452 260 491 humo
266 453 343 492 divinae
351 453 477 502 particulam
485 463 550 492 aurae.

40 503 154 549 Alienati
163 503 218 541 dicto
226 503 366 542 citiuscurata
374 506 443 553 sopori
614 503 639 542 80

17 568 18 587 i
40 554 141 594 Membra
149 553 213 599 dedit,
221 558 307 602 vegetus
313 556 436 604 praescripta
443 556 471 593 sd
478 555 630 602 muniasurgit.

17 622 18 629 1
40 606 82 644 Hic
89 609 162 643 tamen
170 604 198 642 ad
205 604 282 642 melius
290 605 367 652 poterit
374 609 515 644 transcurrere
523 606 637 654 quondam,

41 656 90 695 Sive
98 656 156 694 diem
164 654 242 693 festum
250 655 334 692 rediens
342 655 451 694 advexerit
457 667 532 702 annus,

41 707 83 746 Seu
91 715 186 744 recreare
195 704 253 743 volet
259 708 370 743 tenuatum
378 716 459 754 corpus,
468 707 532 745 ubive

41 757 151 796 Accedent
159 756 216 802 anni,
225 759 247 794 et
254 755 339 792 tractari
345 755 429 794 mollius
437 760 489 794 atas

40 806 153 846 lmbecllla
160 806 223 844 volet.
250 805 299 843 Tibi
306 805 408 853 quidnam
417 806 503 844 accedet
511 807 538 844 ad
545 807 615 854 istam,

40 859 111 904 Quam
118 868 171 906 puer
179 861 201 894 et
207 855 291 894 validus
298 856 415 905 praesumis‚
424 856 541 901 mollitiem,
551 869 588 896 seu

40 909 101 947 Dura
107 907 208 946 valetudo
215 906 320 951 inciderit,
330 917 367 945 seu
375 907 436 944 tarda
443 909 554 946 senectuti

40 958 164 999 Rancidum
170 969 246 1006 aprum
250 957 333 1005 antiqui
339 957 462 1003 laudabant,
468 968 511 996 non
520 958 638 1005 quisnasus

40 1010 87 1049 lllls
96 1008 170 1048 nullus
178 1012 235 1054 erat;
249 1009 293 1054 sed,
303 1008 371 1053 credo,
385 1007 426 1046 hac
436 1012 513 1053 mente,
527 1009 583 1055 quod
590 1008 638 1047 bos-

89 1071 128 1108 pes
614 1060 639 1097 90

38 1110 130 1150 Tardius
139 1109 253 1148 adveniens
259 1109 357 1147 vitiatum
365 1108 502 1154 commodius,
511 1118 576 1156 quam

38 1162 151 1209 ntegrum
163 1161 219 1198 edax
231 1160 329 1198 dominus
337 1162 476 1198 consumeret.
502 1158 547 1198 Hos
555 1158 638 1197 utinam

39 1234 43 1244 .
90 1211 148 1249 inter

37 1263 122 1302 Heroas
130 1264 205 1299 natum
215 1260 287 1299 Tellus
295 1271 329 1298 me
337 1261 406 1309 prima
413 1259 507 1298 tulissetl

38 1314 82 1353 Das
91 1311 175 1360 aliquid
182 1311 251 1357 famae,
261 1322 309 1359 quae
317 1313 410 1350 carmine
417 1311 495 1359 gratior
502 1320 575 1350 aurem

17 1374 18 1393 i
37 1365 135 1411 Occupet
143 1362 271 1400 humanam?
299 1363 393 1401 Grandes
401 1361 484 1401 rhombi
492 1362 613 1410 patinasque

38 1413 126 1454 Grande
134 1411 207 1450 ferunt
213 1423 257 1450 una
265 1423 313 1452 cum
319 1414 397 1451 damno
406 1413 503 1451 dedecus.
513 1416 514 1419 ’
531 1413 592 1451 Adde

37 1466 122 1504 iratum
131 1467 237 1512 patruum,
244 1463 330 1509 vicinos,
339 1468 360 1502 te
368 1463 406 1501 tibi
415 1463 518 1512 iniquum,

17 1526 18 1541 ¹
38 1516 65 1555 Et
70 1515 153 1554 frustra
160 1514 234 1552 mortis
242 1514 349 1562 cupidum,
358 1525 407 1553 cum
414 1514 481 1553 deerit
488 1514 558 1562 egenti

36 1568 73 1614 As,
82 1564 260 1613 laqucipretium.
286 1565 343 1609 lure.
353 1564 428 1612 inquit,
438 1565 538 1604 Transius
546 1564 592 1604 istis

37 1617 141 1666 surgatur
148 1614 229 1653 verbis:
247 1625 286 1662 ego
293 1614 404 1663 vectigalia
411 1625 488 1662 magna
601 1616 638 1654 1⁰0

37 1667 174 1714 Divitiasque
182 1664 251 1703 habeo
259 1665 327 1704 tribus
333 1665 414 1714 amplas
420 1665 510 1713 regibus.
538 1664 598 1713 Ergo,

37 1717 101 1759 Quod
109 1719 203 1764 superat,
211 1719 297 1761 nonest,
306 1715 384 1754 melius
393 1726 434 1764 quo
442 1716 548 1753 insumere
556 1717 636 1763 possis?

38 1769 139 1818 disreget
146 1765 246 1814 indignus
255 1766 301 1813 quis
316 1777 367 1804 uam
374 1770 395 1804 te
404 1765 483 1803 diviut
496 1776 561 1814 quare

38 1769 129 1867 Templa
136 1820 203 1854 ruunt
210 1817 298 1865 antiqua
338 1818 388 1855 um?
402 1826 445 1861 cur,
454 1816 554 1864 improbe,
564 1826 619 1855 carae

39 1868 86 1908 Non
91 1829 180 1916 ahquid
187 1867 261 1915 patrie
269 1871 329 1906 tanto
336 1867 429 1906 emetiris
437 1867 523 1904 acervo?

39 1918 80 1958 Uni
86 1918 192 1957 nimirum
200 1918 240 1956 tibi
247 1921 304 1956 recte
313 1929 395 1967 semper
401 1921 463 1955 erunt
470 1916 514 1954 resl

39 1970 55 2008 0
64 1979 160 2018 magnus
168 1968 255 2016 posthac
262 1968 354 2007 inimicis
362 1968 416 2007 risus
424 1967 429 2005 1
455 1967 534 2006 Uterne

39 2021 70 2059 nd
78 2030 143 2058 casus
152 2019 227 2057 dubios
234 2018 331 2057 iidetsibi
338 2019 428 2057 certiusi
441 2018 483 2063 hic,
492 2018 529 2066 qui

38 2070 139 2110 Pluribus
148 2070 237 2108 assuerit
244 2073 338 2107 mentem
346 2080 463 2118 corpusque
470 2068 598 2117 superbumi

38 2122 71 2160 An
80 2122 125 2169 qui,
133 2123 246 2159 contentus
253 2130 317 2168 parvo
325 2124 464 2179 metuensque
472 2119 544 2165 futuri,
602 2121 637 2159 110

38 2172 132 2220 Inpace,
143 2174 169 2209 ut
176 2181 266 2219 sapiens
277 2170 354 2218 aptant
360 2170 437 2208 idonea
444 2169 514 2208 belloi

39 2221 83 2270 Quo
91 2232 161 2271 magis
167 2221 200 2260 bis
207 2222 286 2266 credas
296 2219 410 2270 puerhunc
416 2231 536 2269 ogoparvus
543 2220 636 2260 Ofellum
