1520 2572
105 207 141 245 ild
211 174 215 183 Ι
268 205 292 246 Q.
307 204 431 244 HORATII
445 202 543 243 FLACCI

348 353 460 382 CANIDIA.

131 421 188 467 Quid
196 421 298 460 obseratis
307 421 394 459 auribus
402 419 475 458 tundis
483 421 568 469 preces?

132 472 179 510 Non
188 481 241 510 ssxs
250 471 312 510 nudis
320 471 416 509 surdiora
424 471 501 508 navitis

131 522 244 571 Neptunus
253 522 296 560 nito
305 522 376 560 tundit
383 521 485 559 hibernus
493 519 545 559 salo.

132 572 215 611 inultus
223 577 248 611 ut
255 577 279 611 tu
287 572 357 610 riseris
366 572 457 620 cotyttia

131 622 229 671 Vulgata,
239 633 322 662 ssorum
330 622 392 660 liberi
400 620 522 671 Cupidinis?

131 673 159 712 Et
168 673 273 723 Esquilini
283 673 381 711 Pontifex
388 671 477 711 venefici

131 723 221 773 impune
231 728 255 762 ut
262 723 338 762 urbem
346 724 433 762 nomine
441 721 536 771 impleris
544 725 608 762 meo?

130 775 187 820 Quid
195 775 293 823 proderat
301 774 379 812 ditasse
389 773 485 821 Pelignus
491 784 552 818 snus.

130 825 254 864 velociusve
262 825 372 862 miscuisse
380 825 488 863 toxicum!

131 876 172 914 Sed
180 876 273 913 tardiora
280 875 325 912 fata
333 878 354 912 te
363 875 417 913 votis
428 878 527 913 manent:

130 925 217 974 ingrate
224 926 302 964 misero
310 925 355 963 vita
363 926 461 964 ducende
469 929 507 969 est,
516 925 539 963 ln
547 925 594 971 hoc,

131 976 196 1015 Novis
204 981 229 1015 ut
237 986 304 1024 usque
312 980 413 1024 suppetss
421 975 535 1014 doloribus.

131 1027 196 1076 Optat
204 1026 297 1077 quietem
306 1025 388 1074 Pelopis
399 1026 477 1064 infidus
486 1031 552 1074 pater,

132 1077 201 1125 Egens
210 1077 306 1125 benigne
316 1076 418 1115 Tentslus
427 1086 509 1124 semper
517 1077 588 1125 dupin

131 1128 195 1177 optet
205 1127 342 1166 Prometheus
352 1127 457 1175 obligatus
470 1126 527 1172 eliti3

131 1179 196 1227 Optst
203 1188 301 1227 supremo
310 1177 412 1216 eollocsre
422 1177 523 1226 Sisyphus

132 1228 157 1267 ln
166 1232 237 1267 monte
246 1238 322 1266 sexum
330 1239 335 1265 ε
350 1228 387 1266 sed
395 1231 468 1266 vetant
475 1228 532 1275 leges
541 1227 607 1268 Jovis.

131 1279 195 1318 voles
203 1278 265 1317 modo
274 1277 322 1318 altis
331 1278 416 1317 desilire
423 1279 522 1324 turribus,

132 1330 197 1370 Modo
206 1339 256 1368 ense
263 1331 337 1377 pectus
347 1329 423 1367 Norico
432 1328 552 1373 recludere;

132 1380 259 1427 Frustreque
267 1379 338 1417 vinels
345 1380 426 1427 gutturi
434 1383 505 1418 nectes
514 1383 558 1423 tuo,

132 1430 250 1470 Fastidiose
257 1429 321 1468 tristis
330 1429 460 1477 egrimonia.

132 1481 237 1519 Vestebor
244 1479 338 1519 humeris
347 1486 397 1518 tunc
405 1491 444 1528 ego
452 1479 543 1518 inimicis
551 1490 625 1528 eques,

134 1531 231 1579 Meeque
239 1533 295 1569 terra
302 1532 364 1571 cedet
371 1530 497 1569 insolentias.

133 1581 174 1625 An.
184 1591 232 1629 quse
240 1591 324 1620 movere
332 1592 404 1620 oeress
412 1582 441 1619 im
476 1592 520 1627 nes,

134 1631 163 1671 Ut
171 1633 215 1681 ipse
224 1631 278 1670 nosti
286 1632 388 1676 curiosust
398 1637 420 1669 et
431 1643 458 1680 po
467 1642 480 1669 o

134 1682 234 1731 Deripere
243 1682 326 1720 Lunam
334 1683 421 1721 vocibus
429 1682 507 1730 possim
516 1681 576 1727 meis,

134 1733 215 1772 Possim
223 1736 326 1771 crematos
334 1733 426 1771 excitare
434 1735 535 1778 mortuos,

134 1782 273 1832 Desidertque
282 1787 398 1832 temperare
406 1781 513 1831 poculum,

135 1833 218 1872 Plorem
226 1833 284 1879 artis,
293 1832 316 1872 in
326 1838 347 1872 te
355 1833 386 1872 nil
395 1833 482 1881 egentis,
492 1833 587 1872 exitum?
