1562 2568
208 182 411 223 splsronsnun
423 181 479 222 mn.
493 183 511 222 1.
622 184 657 222 19³

16 327 21 337 .
59 300 156 340 Tendem
165 298 279 338 dormitum
288 298 409 337 dimittitur.
434 297 483 343 Hie,
492 298 529 336 ubi
537 308 594 347 sepe

59 349 173 392 Occultum
181 351 238 388 visus
246 350 309 398 piscis
317 351 428 388 decurrere
436 349 464 388 sd
471 348 567 395 hemum,

60 402 127 441 Mene
135 400 201 439 cliens
210 405 232 438 et
238 401 284 449 jem
292 404 362 439 certus
370 401 465 445 convive,
472 399 561 447 jubetur

61 452 121 491 Rure
129 451 252 490 suburbana
260 451 346 490 lndietis
354 462 425 491 eomes
433 451 464 490 ire
470 450 558 489 Latinis.

60 503 176 551 Impositus
184 502 277 547 mannis,
291 512 365 550 agrum
373 502 494 550 coelumque
501 501 604 539 Sabinum

61 552 111 592 Non
119 551 287 591 cessetlsudere.
313 552 378 590 Videt
385 552 482 600 ridetque
491 551 615 601 Philippus:

62 603 95 649 Et,
105 603 147 641 sibi
155 603 206 641 dum
214 603 316 651 requiem,
325 603 377 641 dum
385 603 440 642 risus
447 603 542 651 undique
551 602 634 651 querit,

61 653 119 692 Dum
128 658 209 702 septem
219 654 284 692 donet
291 653 394 698 sestertia,
405 657 481 691 mutua
489 658 570 702 septem
635 652 660 690 80

61 704 176 749 Promittis,
185 704 305 752 persuadet,
316 703 348 741 uti
357 707 461 742 mercetur
469 703 568 751 agellum.

62 754 182 793 Mereatur:
197 758 253 792 nete
262 752 329 801 longis
338 754 463 801 ambagibus
471 754 534 799 ultre,

61 806 132 851 Quam
140 804 192 843 setis
200 807 238 849 est,
247 815 326 848 meren
340 814 367 842 ex
376 805 444 843 nitido
451 804 476 842 fit
482 805 581 849 rusticus,
588 808 652 854 etque

62 855 136 894 Sulcos
147 858 168 893 et
175 855 248 893 vineta
255 861 327 902 crepet
335 864 400 900 mers,
409 859 513 903 praeperst
521 853 597 901 ulmos,

62 905 186 944 Immorltur
193 904 276 950 studiis,
286 908 308 942 et
315 914 386 943 smore
394 905 486 943 senescit
492 904 593 943 habendi.

64 956 143 996 Verum
151 955 189 994 ubi
197 966 246 995 oves
254 955 318 999 furto,
327 955 400 993 morbo
408 955 489 1003 periere
498 954 593 1004 espellae,

62 1008 126 1056 Spem
135 1006 225 1046 mentita
232 1017 298 1054 seges.
308 1006 346 1044 bos
354 1010 387 1043 est
394 1009 481 1043 enectus
489 1006 579 1050 arend03

62 1057 160 1097 Offensus
169 1057 259 1101 demnis,
268 1057 339 1095 medie
348 1056 374 1094 de
382 1061 443 1094 noete
451 1054 558 1094 caballum

62 1108 149 1157 Arripit,
158 1108 266 1156 iratusque
275 1106 366 1157 Philippi
374 1106 443 1145 tendit
450 1107 478 1144 sd
485 1106 549 1144 aedes.

11 1178 12 1191 κ
63 1159 133 1246 Quenln
149 1157 214 1196 simul
228 1157 326 1207 adspexit
336 1158 435 1197 scabrum
447 1157 598 1204 intonsumque
613 1155 663 1195 Phi·

11 1208 12 1215 ’
122 1209 191 1257 ippus,
637 1209 662 1246 9⁰

11 1262 12 1279 ³
64 1259 143 1304 Durus,
153 1259 189 1305 sit,
199 1258 278 1305 Vultel,
286 1259 349 1298 nimis
358 1262 494 1307 attentusque
501 1256 580 1296 videris

64 1309 116 1349 Esse
124 1309 185 1347 mihi.
212 1309 256 1355 Pol,
265 1321 300 1349 me
308 1311 415 1355 miserum,
424 1314 519 1358 petrone,
527 1318 620 1354 veneres,

63 1359 168 1405 Sisenes,
178 1359 253 1409 inquit,
262 1372 336 1399 verum
346 1361 399 1399 mihi
407 1372 484 1410 ponere
493 1370 579 1399 nomeu.
674 1380 678 1391 ·

64 1411 127 1458 Quod
135 1415 156 1449 te
166 1421 204 1459 per
210 1411 307 1457 Genium,
314 1413 460 1460 dextramque.
468 1411 566 1460 Deosque
574 1409 664 1449 Penates

65 1462 158 1500 Obsecro
166 1466 188 1498 et
197 1461 295 1507 obtestor,
303 1462 353 1500 vitae
362 1473 396 1500 me
405 1463 469 1501 redde
476 1461 547 1511 priori.

64 1511 107 1554 Qui
115 1511 181 1550 semel
191 1511 295 1560 adspexit,
301 1517 405 1560 quantum
414 1513 501 1551 dimissa
509 1510 581 1561 petltts

65 1563 177 1607 Praestent,
186 1566 269 1600 metere
278 1563 356 1608 redeat,
366 1566 490 1612 repetatque
498 1561 580 1601 relicta.

65 1613 139 1653 Metiri
147 1623 169 1653 se
178 1621 283 1673 quemque
292 1623 330 1652 suo
338 1611 425 1652 modulo
434 1623 458 1652 sc
465 1613 527 1662 pede,
536 1621 610 1651 verum
618 1614 656 1650 est.

686 1688 744 1771 Δ(
768 1716 770 1722 ,

262 1812 402 1879 nPISTOLA
414 1814 477 1855 VIII.

181 1918 216 1957 As
228 1910 326 1957 Censen
341 1917 530 1956 llusmovssun.

15 2012 16 2019 ¹
67 2021 144 2061 censo
152 2004 252 2069 gasteis,
262 2020 284 2056 et
292 2017 346 2055 bene
355 2027 401 2056 rem
408 2027 486 2066 gerere.
496 2016 636 2065 Albinovano,

67 2071 133 2112 Musa
139 2074 219 2120 rogatu,
229 2067 290 2115 refer,
300 2068 372 2107 comiti
380 2069 498 2117 scribseque
507 2068 604 2106 Neronis.

67 2122 91 2161 si
99 2125 187 2171 queret,
196 2121 247 2169 quld
256 2128 324 2168 egam,
334 2119 375 2165 die,
382 2118 452 2158 mults
460 2122 482 2158 et
489 2118 578 2168 pulchre
584 2119 668 2159 minen-

67 2176 195 2273 wesen
201 2201 265 2268 neate,
275 2232 313 2261 nse
322 2222 426 2262 suaviter:
439 2220 498 2261 hsud
507 2221 647 2320 qnlszgrsudo

442 2282 445 2289 ’
527 2287 542 2320 0
