<?xml version="1.0" encoding="UTF-8"?>
<!DOCTYPE html PUBLIC "-//W3C//DTD XHTML 1.0 Transitional//EN"
    "http://www.w3.org/TR/xhtml1/DTD/xhtml1-transitional.dtd">
<html xmlns="http://www.w3.org/1999/xhtml" xml:lang="en" lang="en">
 <head>
  <title>
</title>
<meta http-equiv="Content-Type" content="text/html;charset=utf-8" />
  <meta name='ocr-system' content='tesseract 3.04.00' />
  <meta name='ocr-capabilities' content='ocr_page ocr_carea ocr_par ocr_line ocrx_word'/>
</head>
<body>
  <div class='ocr_page' id='page_1' title='image "./opera04horagoog_0198.png"; bbox 0 0 1562 2568; ppageno 0'>
   <div class='ocr_carea' id='block_1_1' title="bbox 205 176 649 218">
    <p class='ocr_par' dir='ltr' id='par_1_1' title="bbox 205 176 649 218">
     <span class='ocr_line' id='line_1_1' title="bbox 205 176 649 218; baseline 0.005 -3"><span class='ocrx_word' id='word_1_1' title='bbox 205 176 376 216; x_wconf 82' lang='lat' dir='ltr'><strong>SATIRARUM</strong></span> <span class='ocrx_word' id='word_1_2' title='bbox 390 177 444 216; x_wconf 88' lang='lat' dir='ltr'>LlB.</span> <span class='ocrx_word' id='word_1_3' title='bbox 459 177 489 217; x_wconf 83' lang='lat'>11.</span> <span class='ocrx_word' id='word_1_4' title='bbox 617 180 649 218; x_wconf 81' lang='grc'>111</span> 
     </span>
    </p>
   </div>
   <div class='ocr_carea' id='block_1_2' title="bbox 53 290 651 381">
    <p class='ocr_par' dir='ltr' id='par_1_2' title="bbox 53 290 651 381">
     <span class='ocr_line' id='line_1_2' title="bbox 53 290 651 381; baseline 0.003 -51"><span class='ocrx_word' id='word_1_5' title='bbox 53 292 143 381; x_wconf 49' lang='lat' dir='ltr'>sparget</span> <span class='ocrx_word' id='word_1_6' title='bbox 146 290 250 331; x_wconf 89' lang='lat' dir='ltr'>subinde:</span> <span class='ocrx_word' id='word_1_7' title='bbox 265 296 293 339; x_wconf 78' lang='lat' dir='ltr'>et,</span> <span class='ocrx_word' id='word_1_8' title='bbox 311 293 329 331; x_wconf 90' lang='lat' dir='ltr'>si</span> <span class='ocrx_word' id='word_1_9' title='bbox 341 293 430 342; x_wconf 87' lang='lat' dir='ltr'>paulum</span> <span class='ocrx_word' id='word_1_10' title='bbox 445 296 504 342; x_wconf 84' lang='lat' dir='ltr'>potes</span> <span class='ocrx_word' id='word_1_11' title='bbox 517 292 651 333; x_wconf 89' lang='lat' dir='ltr'>illacrimare.</span> 
     </span>
    </p>
   </div>
   <div class='ocr_carea' id='block_1_3' title="bbox 52 393 650 747">
    <p class='ocr_par' dir='ltr' id='par_1_3' title="bbox 53 393 626 544">
     <span class='ocr_line' id='line_1_3' title="bbox 53 393 600 443; baseline 0.005 -13"><span class='ocrx_word' id='word_1_12' title='bbox 53 393 136 431; x_wconf 78' lang='lat' dir='ltr'>Gaudia</span> <span class='ocrx_word' id='word_1_13' title='bbox 143 393 268 441; x_wconf 82' lang='lat' dir='ltr'>prodentem</span> <span class='ocrx_word' id='word_1_14' title='bbox 276 393 357 432; x_wconf 85' lang='lat' dir='ltr'>vultum</span> <span class='ocrx_word' id='word_1_15' title='bbox 367 393 443 433; x_wconf 78' lang='lat' dir='ltr'>celere.</span> <span class='ocrx_word' id='word_1_16' title='bbox 469 393 600 443; x_wconf 77' lang='lat' dir='ltr'>Sepulcrum,</span> 
     </span>
     <span class='ocr_line' id='line_1_4' title="bbox 53 443 626 490; baseline 0.005 -9"><span class='ocrx_word' id='word_1_17' title='bbox 53 443 182 482; x_wconf 86' lang='lat' dir='ltr'>Permissum</span> <span class='ocrx_word' id='word_1_18' title='bbox 190 444 283 490; x_wconf 86' lang='lat' dir='ltr'>arbitrio,</span> <span class='ocrx_word' id='word_1_19' title='bbox 293 445 338 484; x_wconf 86' lang='lat' dir='ltr'>sine</span> <span class='ocrx_word' id='word_1_20' title='bbox 346 445 443 484; x_wconf 84' lang='lat' dir='ltr'>sordibus</span> <span class='ocrx_word' id='word_1_21' title='bbox 451 449 547 484; x_wconf 89' lang='lat' dir='ltr'>exstrue:</span> <span class='ocrx_word' id='word_1_22' title='bbox 561 444 626 484; x_wconf 81' lang='lat' dir='ltr'>funus</span> 
     </span>
     <span class='ocr_line' id='line_1_5' title="bbox 53 493 507 544; baseline 0.007 -13"><span class='ocrx_word' id='word_1_23' title='bbox 53 493 141 542; x_wconf 80' lang='lat' dir='ltr'>Egregie</span> <span class='ocrx_word' id='word_1_24' title='bbox 150 494 230 532; x_wconf 77' lang='lat' dir='ltr'>rectum</span> <span class='ocrx_word' id='word_1_25' title='bbox 238 494 312 533; x_wconf 86' lang='lat' dir='ltr'>laudet</span> <span class='ocrx_word' id='word_1_26' title='bbox 318 496 402 534; x_wconf 80' lang='lat' dir='ltr'>ricinia.</span> <span class='ocrx_word' id='word_1_27' title='bbox 429 497 450 534; x_wconf 90' lang='lat' dir='ltr'>Si</span> <span class='ocrx_word' id='word_1_28' title='bbox 459 496 507 544; x_wconf 90' lang='lat' dir='ltr'>quis</span> 
     </span>
    </p>

    <p class='ocr_par' dir='ltr' id='par_1_4' title="bbox 52 544 580 591">
     <span class='ocr_line' id='line_1_6' title="bbox 52 544 580 591; baseline 0.006 -9"><span class='ocrx_word' id='word_1_29' title='bbox 52 544 113 583; x_wconf 86' lang='lat' dir='ltr'>Forte</span> <span class='ocrx_word' id='word_1_30' title='bbox 121 544 256 583; x_wconf 78' lang='lat' dir='ltr'>cohaeredum</span> <span class='ocrx_word' id='word_1_31' title='bbox 264 547 334 584; x_wconf 90' lang='lat' dir='ltr'>senior</span> <span class='ocrx_word' id='word_1_32' title='bbox 342 546 398 584; x_wconf 86' lang='lat' dir='ltr'>male</span> <span class='ocrx_word' id='word_1_33' title='bbox 406 547 487 591; x_wconf 90' lang='lat' dir='ltr'>tussiet,</span> <span class='ocrx_word' id='word_1_34' title='bbox 496 546 548 585; x_wconf 91' lang='lat' dir='ltr'>huic</span> <span class='ocrx_word' id='word_1_35' title='bbox 556 549 580 585; x_wconf 85' lang='lat' dir='ltr'>tu</span> 
     </span>
    </p>

    <p class='ocr_par' dir='ltr' id='par_1_5' title="bbox 53 595 539 644">
     <span class='ocr_line' id='line_1_7' title="bbox 53 595 539 644; baseline 0.004 -11"><span class='ocrx_word' id='word_1_36' title='bbox 53 595 98 641; x_wconf 86' lang='lat' dir='ltr'>Dic,</span> <span class='ocrx_word' id='word_1_37' title='bbox 109 606 137 633; x_wconf 86' lang='lat' dir='ltr'>ex</span> <span class='ocrx_word' id='word_1_38' title='bbox 144 600 204 644; x_wconf 88' lang='lat' dir='ltr'>parte</span> <span class='ocrx_word' id='word_1_39' title='bbox 214 598 250 634; x_wconf 84' lang='lat' dir='ltr'>tua</span> <span class='ocrx_word' id='word_1_40' title='bbox 259 607 297 634; x_wconf 84' lang='lat' dir='ltr'>seu</span> <span class='ocrx_word' id='word_1_41' title='bbox 305 596 366 634; x_wconf 84' lang='lat' dir='ltr'>fundi</span> <span class='ocrx_word' id='word_1_42' title='bbox 375 598 418 635; x_wconf 89' lang='lat' dir='ltr'>sive</span> <span class='ocrx_word' id='word_1_43' title='bbox 427 598 502 635; x_wconf 90' lang='lat' dir='ltr'>domus</span> <span class='ocrx_word' id='word_1_44' title='bbox 511 597 539 636; x_wconf 88' lang='lat' dir='ltr'>sit</span> 
     </span>
    </p>

    <p class='ocr_par' dir='ltr' id='par_1_6' title="bbox 52 645 650 747">
     <span class='ocr_line' id='line_1_8' title="bbox 53 645 617 694; baseline 0.007 -11"><span class='ocrx_word' id='word_1_45' title='bbox 53 645 131 690; x_wconf 86' lang='lat' dir='ltr'>Emtor‚</span> <span class='ocrx_word' id='word_1_46' title='bbox 141 646 269 694; x_wconf 77' lang='lat' dir='ltr'>gaudentem</span> <span class='ocrx_word' id='word_1_47' title='bbox 278 657 365 684; x_wconf 90' lang='lat' dir='ltr'>nummo</span> <span class='ocrx_word' id='word_1_48' title='bbox 374 651 395 684; x_wconf 83' lang='lat' dir='ltr'>oe</span> <span class='ocrx_word' id='word_1_49' title='bbox 403 648 508 686; x_wconf 76' lang='lat' dir='ltr'>addicere.</span> <span class='ocrx_word' id='word_1_50' title='bbox 535 648 576 686; x_wconf 79' lang='lat' dir='ltr'>Sed</span> <span class='ocrx_word' id='word_1_51' title='bbox 583 659 617 687; x_wconf 88' lang='lat' dir='ltr'>me</span> 
     </span>
     <span class='ocr_line' id='line_1_9' title="bbox 52 695 650 747; baseline 0.002 -13"><span class='ocrx_word' id='word_1_52' title='bbox 52 695 169 745; x_wconf 77' lang='lat' dir='ltr'>Imperiosa</span> <span class='ocrx_word' id='word_1_53' title='bbox 177 696 242 734; x_wconf 82' lang='lat' dir='ltr'>trahit</span> <span class='ocrx_word' id='word_1_54' title='bbox 251 697 387 745; x_wconf 76' lang='lat' dir='ltr'>Proserpina:</span> <span class='ocrx_word' id='word_1_55' title='bbox 401 698 454 744; x_wconf 85' lang='lat' dir='ltr'>vive,</span> <span class='ocrx_word' id='word_1_56' title='bbox 464 698 561 747; x_wconf 76' lang='lat' dir='ltr'>valeque.</span> <span class='ocrx_word' id='word_1_57' title='bbox 615 699 650 736; x_wconf 88' lang='grc'>110</span> 
     </span>
    </p>
   </div>
   <div class='ocr_carea' id='block_1_4' title="bbox 254 835 428 885">
    <p class='ocr_par' dir='ltr' id='par_1_7' title="bbox 254 835 428 885">
     <span class='ocr_line' id='line_1_10' title="bbox 254 835 428 885; baseline -0.011 0"><span class='ocrx_word' id='word_1_58' title='bbox 254 835 379 885; x_wconf 75' lang='lat' dir='ltr'>&#39;serron</span> <span class='ocrx_word' id='word_1_59' title='bbox 391 846 428 884; x_wconf 82' lang='lat' dir='ltr'>vr.</span> 
     </span>
    </p>
   </div>
   <div class='ocr_carea' id='block_1_5' title="bbox 47 947 689 2261">
    <p class='ocr_par' dir='ltr' id='par_1_8' title="bbox 52 947 591 997">
     <span class='ocr_line' id='line_1_11' title="bbox 52 947 591 997; baseline 0.007 -11"><span class='ocrx_word' id='word_1_60' title='bbox 52 947 98 987; x_wconf 87' lang='lat' dir='ltr'>Hoc</span> <span class='ocrx_word' id='word_1_61' title='bbox 107 952 154 986; x_wconf 88' lang='lat' dir='ltr'>erat</span> <span class='ocrx_word' id='word_1_62' title='bbox 162 947 184 986; x_wconf 87' lang='lat' dir='ltr'>in</span> <span class='ocrx_word' id='word_1_63' title='bbox 192 948 257 987; x_wconf 86' lang='lat' dir='ltr'>votis:</span> <span class='ocrx_word' id='word_1_64' title='bbox 271 948 347 986; x_wconf 90' lang='lat' dir='ltr'>modus</span> <span class='ocrx_word' id='word_1_65' title='bbox 355 949 400 995; x_wconf 83' lang='lat' dir='ltr'>agri</span> <span class='ocrx_word' id='word_1_66' title='bbox 408 959 450 986; x_wconf 91' lang='lat' dir='ltr'>non</span> <span class='ocrx_word' id='word_1_67' title='bbox 458 949 489 986; x_wconf 89' lang='lat' dir='ltr'>ita</span> <span class='ocrx_word' id='word_1_68' title='bbox 497 960 591 997; x_wconf 79' lang='lat' dir='ltr'>magnus,</span> 
     </span>
    </p>

    <p class='ocr_par' dir='ltr' id='par_1_9' title="bbox 52 998 554 1047">
     <span class='ocr_line' id='line_1_12' title="bbox 52 998 554 1047; baseline 0.004 -11"><span class='ocrx_word' id='word_1_69' title='bbox 52 998 131 1037; x_wconf 81' lang='lat' dir='ltr'>Hortus</span> <span class='ocrx_word' id='word_1_70' title='bbox 140 999 178 1036; x_wconf 92' lang='lat' dir='ltr'>ubi</span> <span class='ocrx_word' id='word_1_71' title='bbox 187 1002 209 1036; x_wconf 92' lang='lat' dir='ltr'>et</span> <span class='ocrx_word' id='word_1_72' title='bbox 216 1003 272 1037; x_wconf 86' lang='lat' dir='ltr'>tecto</span> <span class='ocrx_word' id='word_1_73' title='bbox 280 999 422 1047; x_wconf 77' lang='lat' dir='ltr'>vicinusJ&#39;ugis</span> <span class='ocrx_word' id='word_1_74' title='bbox 430 1009 492 1046; x_wconf 77' lang='lat' dir='ltr'>equre</span> <span class='ocrx_word' id='word_1_75' title='bbox 500 999 554 1044; x_wconf 81' lang='lat' dir='ltr'>fone,</span> 
     </span>
    </p>

    <p class='ocr_par' dir='ltr' id='par_1_10' title="bbox 52 1049 611 1100">
     <span class='ocr_line' id='line_1_13' title="bbox 52 1049 611 1100; baseline 0.004 -12"><span class='ocrx_word' id='word_1_76' title='bbox 52 1050 78 1088; x_wconf 86' lang='lat' dir='ltr'>Et</span> <span class='ocrx_word' id='word_1_77' title='bbox 85 1049 175 1098; x_wconf 90' lang='lat' dir='ltr'>paulum</span> <span class='ocrx_word' id='word_1_78' title='bbox 183 1049 242 1088; x_wconf 82' lang='lat' dir='ltr'>silvae</span> <span class='ocrx_word' id='word_1_79' title='bbox 250 1060 313 1098; x_wconf 88' lang='lat' dir='ltr'>super</span> <span class='ocrx_word' id='word_1_80' title='bbox 320 1049 354 1087; x_wconf 90' lang='lat' dir='ltr'>his</span> <span class='ocrx_word' id='word_1_81' title='bbox 362 1050 422 1087; x_wconf 85' lang='lat' dir='ltr'>roret.</span> <span class='ocrx_word' id='word_1_82' title='bbox 448 1050 537 1088; x_wconf 79' lang='lat' dir='ltr'>Auctius</span> <span class='ocrx_word' id='word_1_83' title='bbox 547 1055 611 1100; x_wconf 88' lang='lat' dir='ltr'>atque</span> 
     </span>
    </p>

    <p class='ocr_par' dir='ltr' id='par_1_11' title="bbox 52 1098 601 1149">
     <span class='ocr_line' id='line_1_14' title="bbox 52 1098 601 1149; baseline 0.002 -11"><span class='ocrx_word' id='word_1_84' title='bbox 52 1099 79 1138; x_wconf 86' lang='lat' dir='ltr'>m</span> <span class='ocrx_word' id='word_1_85' title='bbox 87 1099 165 1138; x_wconf 88' lang='lat' dir='ltr'>melius</span> <span class='ocrx_word' id='word_1_86' title='bbox 172 1099 248 1138; x_wconf 84' lang='lat' dir='ltr'>fecere.</span> <span class='ocrx_word' id='word_1_87' title='bbox 277 1101 333 1138; x_wconf 88' lang='lat' dir='ltr'>Bene</span> <span class='ocrx_word' id='word_1_88' title='bbox 342 1100 384 1138; x_wconf 86' lang='lat' dir='ltr'>esti</span> <span class='ocrx_word' id='word_1_89' title='bbox 397 1098 452 1138; x_wconf 89' lang='lat' dir='ltr'>nihil</span> <span class='ocrx_word' id='word_1_90' title='bbox 460 1100 551 1149; x_wconf 87' lang='lat' dir='ltr'>amplius</span> <span class='ocrx_word' id='word_1_91' title='bbox 559 1113 601 1147; x_wconf 88' lang='lat' dir='ltr'>oro,</span> 
     </span>
    </p>

    <p class='ocr_par' dir='ltr' id='par_1_12' title="bbox 51 1150 636 1199">
     <span class='ocr_line' id='line_1_15' title="bbox 51 1150 636 1199; baseline 0.002 -10"><span class='ocrx_word' id='word_1_92' title='bbox 51 1150 109 1189; x_wconf 83' lang='lat' dir='ltr'>Maia</span> <span class='ocrx_word' id='word_1_93' title='bbox 117 1155 175 1194; x_wconf 82' lang='lat' dir='ltr'>nete,</span> <span class='ocrx_word' id='word_1_94' title='bbox 184 1150 225 1189; x_wconf 89' lang='lat' dir='ltr'>nisi</span> <span class='ocrx_word' id='word_1_95' title='bbox 235 1153 259 1188; x_wconf 89' lang='lat' dir='ltr'>ut</span> <span class='ocrx_word' id='word_1_96' title='bbox 270 1151 354 1199; x_wconf 81' lang='lat' dir='ltr'>proprie</span> <span class='ocrx_word' id='word_1_97' title='bbox 362 1151 408 1188; x_wconf 81' lang='lat' dir='ltr'>haec</span> <span class='ocrx_word' id='word_1_98' title='bbox 416 1150 468 1188; x_wconf 87' lang='lat' dir='ltr'>mihi</span> <span class='ocrx_word' id='word_1_99' title='bbox 477 1161 566 1190; x_wconf 87' lang='lat' dir='ltr'>munera</span> <span class='ocrx_word' id='word_1_100' title='bbox 574 1152 636 1191; x_wconf 79' lang='lat' dir='ltr'>faxis.</span> 
     </span>
    </p>

    <p class='ocr_par' dir='ltr' id='par_1_13' title="bbox 50 1200 524 1249">
     <span class='ocr_line' id='line_1_16' title="bbox 50 1200 524 1249; baseline 0.002 -11"><span class='ocrx_word' id='word_1_101' title='bbox 50 1201 70 1239; x_wconf 81' lang='lat' dir='ltr'>si</span> <span class='ocrx_word' id='word_1_102' title='bbox 79 1212 150 1249; x_wconf 89' lang='lat' dir='ltr'>neque</span> <span class='ocrx_word' id='word_1_103' title='bbox 160 1201 262 1248; x_wconf 87' lang='lat' dir='ltr'>majorem</span> <span class='ocrx_word' id='word_1_104' title='bbox 270 1201 311 1239; x_wconf 83' lang='lat' dir='ltr'>feci</span> <span class='ocrx_word' id='word_1_105' title='bbox 320 1202 401 1239; x_wconf 90' lang='lat' dir='ltr'>ratione</span> <span class='ocrx_word' id='word_1_106' title='bbox 409 1200 467 1239; x_wconf 89' lang='lat' dir='ltr'>mala</span> <span class='ocrx_word' id='word_1_107' title='bbox 473 1212 524 1245; x_wconf 85' lang='lat' dir='ltr'>rem.</span> 
     </span>
    </p>

    <p class='ocr_par' dir='ltr' id='par_1_14' title="bbox 50 1251 533 1300">
     <span class='ocr_line' id='line_1_17' title="bbox 50 1251 533 1300; baseline 0.002 -11"><span class='ocrx_word' id='word_1_108' title='bbox 50 1251 70 1289; x_wconf 85' lang='lat' dir='ltr'>N</span> <span class='ocrx_word' id='word_1_109' title='bbox 71 1263 95 1291; x_wconf 85' lang='lat' dir='ltr'>ec</span> <span class='ocrx_word' id='word_1_110' title='bbox 103 1262 151 1289; x_wconf 91' lang='lat' dir='ltr'>eum</span> <span class='ocrx_word' id='word_1_111' title='bbox 159 1251 255 1290; x_wconf 82' lang='lat' dir='ltr'>facturus</span> <span class='ocrx_word' id='word_1_112' title='bbox 263 1252 314 1289; x_wconf 79' lang='lat' dir='ltr'>vitio</span> <span class='ocrx_word' id='word_1_113' title='bbox 322 1252 410 1300; x_wconf 82' lang='lat' dir='ltr'>culpave</span> <span class='ocrx_word' id='word_1_114' title='bbox 418 1252 521 1291; x_wconf 86' lang='lat' dir='ltr'>minorem</span> <span class='ocrx_word' id='word_1_115' title='bbox 529 1264 533 1296; x_wconf 86' lang='lat'><strong>;</strong></span> 
     </span>
    </p>

    <p class='ocr_par' dir='ltr' id='par_1_15' title="bbox 50 1301 628 1352">
     <span class='ocr_line' id='line_1_18' title="bbox 50 1301 628 1352; baseline 0.002 -12"><span class='ocrx_word' id='word_1_116' title='bbox 50 1301 71 1340; x_wconf 88' lang='lat' dir='ltr'>Si</span> <span class='ocrx_word' id='word_1_117' title='bbox 78 1312 168 1340; x_wconf 81' lang='lat' dir='ltr'>veneror</span> <span class='ocrx_word' id='word_1_118' title='bbox 174 1301 252 1340; x_wconf 85' lang='lat' dir='ltr'>stultus</span> <span class='ocrx_word' id='word_1_119' title='bbox 258 1302 312 1340; x_wconf 89' lang='lat' dir='ltr'>nihil</span> <span class='ocrx_word' id='word_1_120' title='bbox 320 1303 403 1348; x_wconf 78' lang='lat' dir='ltr'>horum,</span> <span class='ocrx_word' id='word_1_121' title='bbox 419 1305 432 1324; x_wconf 83' lang='lat'>‘¹</span> <span class='ocrx_word' id='word_1_122' title='bbox 441 1303 459 1341; x_wconf 92' lang='lat'>0</span> <span class='ocrx_word' id='word_1_123' title='bbox 467 1303 485 1341; x_wconf 93' lang='lat' dir='ltr'>sl</span> <span class='ocrx_word' id='word_1_124' title='bbox 493 1302 583 1352; x_wconf 71' lang='lat' dir='ltr'>angulus</span> <span class='ocrx_word' id='word_1_125' title='bbox 592 1303 628 1342; x_wconf 88' lang='lat' dir='ltr'>ille</span> 
     </span>
    </p>

    <p class='ocr_par' dir='ltr' id='par_1_16' title="bbox 50 1351 607 1401">
     <span class='ocr_line' id='line_1_19' title="bbox 50 1351 607 1401; baseline 0 -9"><span class='ocrx_word' id='word_1_126' title='bbox 50 1351 162 1392; x_wconf 75' lang='lat' dir='ltr'>Proximus</span> <span class='ocrx_word' id='word_1_127' title='bbox 171 1353 263 1396; x_wconf 79' lang='lat' dir='ltr'>accedat,</span> <span class='ocrx_word' id='word_1_128' title='bbox 288 1354 311 1390; x_wconf 92' lang='lat' dir='ltr'>ui</span> <span class='ocrx_word' id='word_1_129' title='bbox 319 1365 375 1391; x_wconf 86' lang='lat' dir='ltr'>nunc</span> <span class='ocrx_word' id='word_1_130' title='bbox 384 1355 495 1392; x_wconf 82' lang='lat' dir='ltr'>denormat</span> <span class='ocrx_word' id='word_1_131' title='bbox 503 1354 607 1401; x_wconf 80' lang='lat' dir='ltr'>agellum!</span> 
     </span>
    </p>

    <p class='ocr_par' dir='ltr' id='par_1_17' title="bbox 49 1364 632 1452">
     <span class='ocr_line' id='line_1_20' title="bbox 49 1364 632 1452; baseline 0.003 -10"><span class='ocrx_word' id='word_1_132' title='bbox 49 1404 67 1442; x_wconf 94' lang='grc'>0</span> <span class='ocrx_word' id='word_1_133' title='bbox 75 1403 93 1443; x_wconf 88' lang='lat' dir='ltr'>si</span> <span class='ocrx_word' id='word_1_134' title='bbox 101 1414 179 1441; x_wconf 88' lang='lat' dir='ltr'>umam</span> <span class='ocrx_word' id='word_1_135' title='bbox 187 1403 268 1451; x_wconf 79' lang='lat' dir='ltr'>argenti</span> <span class='ocrx_word' id='word_1_136' title='bbox 274 1364 317 1442; x_wconf 49' lang='lat' dir='ltr'>‘ison</span> <span class='ocrx_word' id='word_1_137' title='bbox 326 1415 374 1452; x_wconf 72' lang='lat' dir='ltr'>quse</span> <span class='ocrx_word' id='word_1_138' title='bbox 382 1404 436 1442; x_wconf 89' lang='grc'><strong>1111111</strong></span> <span class='ocrx_word' id='word_1_139' title='bbox 443 1409 552 1452; x_wconf 79' lang='lat' dir='ltr'>monstret,</span> <span class='ocrx_word' id='word_1_140' title='bbox 561 1409 586 1444; x_wconf 88' lang='lat' dir='ltr'>ut</span> <span class='ocrx_word' id='word_1_141' title='bbox 593 1404 632 1450; x_wconf 84' lang='lat' dir='ltr'>illi,</span> 
     </span>
    </p>

    <p class='ocr_par' dir='ltr' id='par_1_18' title="bbox 49 1453 644 1504">
     <span class='ocr_line' id='line_1_21' title="bbox 49 1453 644 1504; baseline 0 -11"><span class='ocrx_word' id='word_1_142' title='bbox 49 1453 158 1493; x_wconf 76' lang='lat' dir='ltr'>Thesauro</span> <span class='ocrx_word' id='word_1_143' title='bbox 165 1454 252 1492; x_wconf 86' lang='lat' dir='ltr'>invento</span> <span class='ocrx_word' id='word_1_144' title='bbox 260 1454 296 1502; x_wconf 87' lang='lat' dir='ltr'>qui</span> <span class='ocrx_word' id='word_1_145' title='bbox 305 1456 447 1493; x_wconf 84' lang='lat' dir='ltr'>mercenarius</span> <span class='ocrx_word' id='word_1_146' title='bbox 455 1466 536 1504; x_wconf 76' lang='lat' dir='ltr'>agrum,</span> <span class='ocrx_word' id='word_1_147' title='bbox 623 1457 644 1494; x_wconf 90' lang='lat' dir='ltr'>ll</span> 
     </span>
    </p>

    <p class='ocr_par' dir='ltr' id='par_1_19' title="bbox 48 1505 539 1553">
     <span class='ocr_line' id='line_1_22' title="bbox 48 1505 539 1553; baseline 0.004 -11"><span class='ocrx_word' id='word_1_148' title='bbox 48 1505 114 1543; x_wconf 89' lang='lat' dir='ltr'>Illum</span> <span class='ocrx_word' id='word_1_149' title='bbox 122 1505 193 1553; x_wconf 85' lang='lat' dir='ltr'>ipsum</span> <span class='ocrx_word' id='word_1_150' title='bbox 200 1508 312 1548; x_wconf 84' lang='lat' dir='ltr'>mercatus,</span> <span class='ocrx_word' id='word_1_151' title='bbox 321 1506 394 1549; x_wconf 84' lang='lat' dir='ltr'>erevit,</span> <span class='ocrx_word' id='word_1_152' title='bbox 404 1506 462 1544; x_wconf 85' lang='lat' dir='ltr'>dives</span> <span class='ocrx_word' id='word_1_153' title='bbox 470 1506 539 1545; x_wconf 85' lang='lat' dir='ltr'>amico</span> 
     </span>
    </p>

    <p class='ocr_par' dir='ltr' id='par_1_20' title="bbox 48 1552 646 1651">
     <span class='ocr_line' id='line_1_23' title="bbox 48 1552 646 1605; baseline 0.003 -12"><span class='ocrx_word' id='word_1_154' title='bbox 48 1555 141 1593; x_wconf 86' lang='lat' dir='ltr'>Hercule</span> <span class='ocrx_word' id='word_1_155' title='bbox 148 1552 166 1598; x_wconf 64' lang='lat'>3¹¹</span> <span class='ocrx_word' id='word_1_156' title='bbox 180 1555 204 1600; x_wconf 88' lang='lat' dir='ltr'>si,</span> <span class='ocrx_word' id='word_1_157' title='bbox 214 1555 271 1603; x_wconf 82' lang='lat' dir='ltr'>quod</span> <span class='ocrx_word' id='word_1_158' title='bbox 278 1556 345 1601; x_wconf 89' lang='lat' dir='ltr'>adest,</span> <span class='ocrx_word' id='word_1_159' title='bbox 354 1560 437 1605; x_wconf 77' lang='lat' dir='ltr'>gnatum</span> <span class='ocrx_word' id='word_1_160' title='bbox 448 1557 516 1605; x_wconf 72' lang='lat' dir='ltr'>juvat,</span> <span class='ocrx_word' id='word_1_161' title='bbox 531 1556 572 1595; x_wconf 91' lang='lat' dir='ltr'>hac</span> <span class='ocrx_word' id='word_1_162' title='bbox 584 1567 646 1605; x_wconf 85' lang='lat' dir='ltr'>prece</span> 
     </span>
     <span class='ocr_line' id='line_1_24' title="bbox 97 1609 171 1651; baseline 0 -9"><span class='ocrx_word' id='word_1_163' title='bbox 97 1609 171 1651; x_wconf 86' lang='lat' dir='ltr'>teoro,</span> 
     </span>
    </p>

    <p class='ocr_par' dir='ltr' id='par_1_21' title="bbox 48 1655 577 1705">
     <span class='ocr_line' id='line_1_25' title="bbox 48 1655 577 1705; baseline 0.004 -12"><span class='ocrx_word' id='word_1_164' title='bbox 48 1655 129 1703; x_wconf 78' lang='lat' dir='ltr'>Pingue</span> <span class='ocrx_word' id='word_1_165' title='bbox 137 1666 201 1703; x_wconf 91' lang='lat' dir='ltr'>pecus</span> <span class='ocrx_word' id='word_1_166' title='bbox 209 1655 295 1693; x_wconf 88' lang='lat' dir='ltr'>domino</span> <span class='ocrx_word' id='word_1_167' title='bbox 302 1655 375 1701; x_wconf 83' lang='lat' dir='ltr'>facias,</span> <span class='ocrx_word' id='word_1_168' title='bbox 384 1660 406 1695; x_wconf 91' lang='lat' dir='ltr'>et</span> <span class='ocrx_word' id='word_1_169' title='bbox 414 1661 490 1701; x_wconf 84' lang='lat' dir='ltr'>cetera,</span> <span class='ocrx_word' id='word_1_170' title='bbox 499 1660 577 1705; x_wconf 83' lang='lat' dir='ltr'>preeter</span> 
     </span>
    </p>

    <p class='ocr_par' dir='ltr' id='par_1_22' title="bbox 48 1705 632 1754">
     <span class='ocr_line' id='line_1_26' title="bbox 48 1705 632 1754; baseline 0 -10"><span class='ocrx_word' id='word_1_171' title='bbox 48 1706 168 1754; x_wconf 77' lang='lat' dir='ltr'>Ingenium,</span> <span class='ocrx_word' id='word_1_172' title='bbox 178 1709 244 1753; x_wconf 88' lang='lat' dir='ltr'>utque</span> <span class='ocrx_word' id='word_1_173' title='bbox 251 1705 306 1744; x_wconf 87' lang='lat' dir='ltr'>soles</span> <span class='ocrx_word' id='word_1_174' title='bbox 314 1711 384 1745; x_wconf 88' lang='lat' dir='ltr'>custos</span> <span class='ocrx_word' id='word_1_175' title='bbox 392 1707 446 1744; x_wconf 85' lang='lat' dir='ltr'>mihi</span> <span class='ocrx_word' id='word_1_176' title='bbox 454 1707 560 1746; x_wconf 80' lang='lat' dir='ltr'>maximus</span> <span class='ocrx_word' id='word_1_177' title='bbox 569 1707 632 1746; x_wconf 85' lang='lat' dir='ltr'>adsis.</span> 
     </span>
    </p>

    <p class='ocr_par' dir='ltr' id='par_1_23' title="bbox 48 1756 644 1805">
     <span class='ocr_line' id='line_1_27' title="bbox 48 1756 644 1805; baseline 0.002 -10"><span class='ocrx_word' id='word_1_178' title='bbox 48 1756 103 1805; x_wconf 79' lang='lat' dir='ltr'>Ergo</span> <span class='ocrx_word' id='word_1_179' title='bbox 111 1756 150 1795; x_wconf 88' lang='lat' dir='ltr'>ubi</span> <span class='ocrx_word' id='word_1_180' title='bbox 158 1766 193 1794; x_wconf 91' lang='lat' dir='ltr'>me</span> <span class='ocrx_word' id='word_1_181' title='bbox 202 1756 224 1793; x_wconf 89' lang='lat' dir='ltr'>in</span> <span class='ocrx_word' id='word_1_182' title='bbox 232 1761 315 1794; x_wconf 85' lang='lat' dir='ltr'>montes</span> <span class='ocrx_word' id='word_1_183' title='bbox 323 1757 375 1795; x_wconf 86' lang='lat' dir='ltr'>etin</span> <span class='ocrx_word' id='word_1_184' title='bbox 384 1768 454 1795; x_wconf 86' lang='lat' dir='ltr'>arcem</span> <span class='ocrx_word' id='word_1_185' title='bbox 462 1768 490 1795; x_wconf 86' lang='lat' dir='ltr'>ex</span> <span class='ocrx_word' id='word_1_186' title='bbox 497 1758 549 1796; x_wconf 89' lang='lat' dir='ltr'>urbe</span> <span class='ocrx_word' id='word_1_187' title='bbox 557 1758 644 1804; x_wconf 86' lang='lat' dir='ltr'>iemovi,</span> 
     </span>
    </p>

    <p class='ocr_par' dir='ltr' id='par_1_24' title="bbox 47 1805 608 1856">
     <span class='ocr_line' id='line_1_28' title="bbox 47 1805 608 1856; baseline 0.004 -11"><span class='ocrx_word' id='word_1_188' title='bbox 47 1807 114 1854; x_wconf 82' lang='lat' dir='ltr'>(Quid</span> <span class='ocrx_word' id='word_1_189' title='bbox 121 1807 180 1856; x_wconf 89' lang='lat' dir='ltr'>prius</span> <span class='ocrx_word' id='word_1_190' title='bbox 188 1805 293 1844; x_wconf 89' lang='lat' dir='ltr'>illustrem</span> <span class='ocrx_word' id='word_1_191' title='bbox 301 1807 370 1845; x_wconf 77' lang='lat' dir='ltr'>satiris</span> <span class='ocrx_word' id='word_1_192' title='bbox 379 1808 483 1856; x_wconf 87' lang='lat' dir='ltr'>Musaque</span> <span class='ocrx_word' id='word_1_193' title='bbox 491 1808 583 1856; x_wconf 87' lang='lat' dir='ltr'>pedestri</span> <span class='ocrx_word' id='word_1_194' title='bbox 590 1809 608 1855; x_wconf 84' lang='grc'>1)</span> 
     </span>
    </p>

    <p class='ocr_par' dir='ltr' id='par_1_25' title="bbox 48 1856 636 1907">
     <span class='ocr_line' id='line_1_29' title="bbox 48 1856 636 1907; baseline 0.002 -10"><span class='ocrx_word' id='word_1_195' title='bbox 48 1857 92 1897; x_wconf 82' lang='lat' dir='ltr'>Nec</span> <span class='ocrx_word' id='word_1_196' title='bbox 100 1857 159 1897; x_wconf 87' lang='lat' dir='ltr'>male</span> <span class='ocrx_word' id='word_1_197' title='bbox 166 1868 201 1895; x_wconf 90' lang='lat' dir='ltr'>me</span> <span class='ocrx_word' id='word_1_198' title='bbox 209 1856 297 1895; x_wconf 90' lang='lat' dir='ltr'>ambitio</span> <span class='ocrx_word' id='word_1_199' title='bbox 305 1858 380 1906; x_wconf 83' lang='lat' dir='ltr'>perdit,</span> <span class='ocrx_word' id='word_1_200' title='bbox 389 1869 429 1896; x_wconf 91' lang='lat' dir='ltr'>nec</span> <span class='ocrx_word' id='word_1_201' title='bbox 436 1857 549 1907; x_wconf 89' lang='lat' dir='ltr'>plumbeus</span> <span class='ocrx_word' id='word_1_202' title='bbox 559 1861 636 1898; x_wconf 81' lang='lat' dir='ltr'>Auster</span> 
     </span>
    </p>

    <p class='ocr_par' dir='ltr' id='par_1_26' title="bbox 47 1905 689 1956">
     <span class='ocr_line' id='line_1_30' title="bbox 47 1905 689 1956; baseline 0.002 -8"><span class='ocrx_word' id='word_1_203' title='bbox 47 1909 223 1956; x_wconf 80' lang='lat' dir='ltr'>Auctumnusque</span> <span class='ocrx_word' id='word_1_204' title='bbox 230 1908 305 1956; x_wconf 76' lang='lat' dir='ltr'>gravis,</span> <span class='ocrx_word' id='word_1_205' title='bbox 315 1908 413 1947; x_wconf 87' lang='lat' dir='ltr'>Libitinae</span> <span class='ocrx_word' id='word_1_206' title='bbox 422 1913 516 1956; x_wconf 82' lang='lat' dir='ltr'>quaestus</span> <span class='ocrx_word' id='word_1_207' title='bbox 523 1910 612 1949; x_wconf 83' lang='lat' dir='ltr'>scerbae.</span> <span class='ocrx_word' id='word_1_208' title='bbox 683 1905 689 1915; x_wconf 88' lang='grc'><strong>“</strong></span> 
     </span>
    </p>

    <p class='ocr_par' dir='ltr' id='par_1_27' title="bbox 48 1958 644 2007">
     <span class='ocr_line' id='line_1_31' title="bbox 48 1958 644 2007; baseline 0.002 -8"><span class='ocrx_word' id='word_1_209' title='bbox 48 1959 154 1999; x_wconf 85' lang='lat' dir='ltr'>Matutine</span> <span class='ocrx_word' id='word_1_210' title='bbox 162 1963 228 2007; x_wconf 81' lang='lat' dir='ltr'>peter,</span> <span class='ocrx_word' id='word_1_211' title='bbox 238 1969 276 1997; x_wconf 88' lang='lat' dir='ltr'>seu</span> <span class='ocrx_word' id='word_1_212' title='bbox 285 1958 338 1997; x_wconf 83' lang='lat' dir='ltr'>Jane</span> <span class='ocrx_word' id='word_1_213' title='bbox 346 1959 447 1997; x_wconf 89' lang='lat' dir='ltr'>libentius</span> <span class='ocrx_word' id='word_1_214' title='bbox 458 1959 525 2004; x_wconf 88' lang='lat' dir='ltr'>audis,</span> <span class='ocrx_word' id='word_1_215' title='bbox 553 1983 556 1988; x_wconf 97' lang='lat'>-</span> <span class='ocrx_word' id='word_1_216' title='bbox 619 1962 644 2000; x_wconf 82' lang='lat'>20</span> 
     </span>
    </p>

    <p class='ocr_par' dir='ltr' id='par_1_28' title="bbox 47 2008 587 2058">
     <span class='ocr_line' id='line_1_32' title="bbox 47 2008 587 2058; baseline 0.002 -9"><span class='ocrx_word' id='word_1_217' title='bbox 47 2008 109 2049; x_wconf 87' lang='lat' dir='ltr'>Unde</span> <span class='ocrx_word' id='word_1_218' title='bbox 119 2010 235 2048; x_wconf 90' lang='lat' dir='ltr'>homineso</span> <span class='ocrx_word' id='word_1_219' title='bbox 250 2019 310 2048; x_wconf 87' lang='lat' dir='ltr'>erum</span> <span class='ocrx_word' id='word_1_220' title='bbox 318 2010 396 2057; x_wconf 88' lang='lat' dir='ltr'>primos</span> <span class='ocrx_word' id='word_1_221' title='bbox 404 2011 496 2058; x_wconf 77' lang='lat' dir='ltr'>vitaeque</span> <span class='ocrx_word' id='word_1_222' title='bbox 504 2009 587 2050; x_wconf 77' lang='lat' dir='ltr'>labores</span> 
     </span>
    </p>

    <p class='ocr_par' dir='ltr' id='par_1_29' title="bbox 47 2020 569 2108">
     <span class='ocr_line' id='line_1_33' title="bbox 47 2020 569 2108; baseline 0 -9"><span class='ocrx_word' id='word_1_223' title='bbox 47 2059 171 2104; x_wconf 83' lang='lat' dir='ltr'>Instituunt.</span> <span class='ocrx_word' id='word_1_224' title='bbox 180 2059 210 2098; x_wconf 84' lang='lat' dir='ltr'>sic</span> <span class='ocrx_word' id='word_1_225' title='bbox 220 2020 374 2108; x_wconf 50' lang='grc'><strong>1111111101111111,</strong></span> <span class='ocrx_word' id='word_1_226' title='bbox 386 2064 410 2098; x_wconf 89' lang='lat' dir='ltr'>tu</span> <span class='ocrx_word' id='word_1_227' title='bbox 417 2060 517 2099; x_wconf 87' lang='lat' dir='ltr'>carminis</span> <span class='ocrx_word' id='word_1_228' title='bbox 524 2065 569 2100; x_wconf 88' lang='lat' dir='ltr'>esto</span> 
     </span>
    </p>

    <p class='ocr_par' dir='ltr' id='par_1_30' title="bbox 47 2109 600 2160">
     <span class='ocr_line' id='line_1_34' title="bbox 47 2109 600 2160; baseline 0.005 -12"><span class='ocrx_word' id='word_1_229' title='bbox 47 2109 185 2160; x_wconf 87' lang='lat' dir='ltr'>Principium.</span> <span class='ocrx_word' id='word_1_230' title='bbox 212 2110 286 2148; x_wconf 84' lang='lat' dir='ltr'>Romae</span> <span class='ocrx_word' id='word_1_231' title='bbox 295 2121 415 2159; x_wconf 87' lang='lat' dir='ltr'>sponsorem</span> <span class='ocrx_word' id='word_1_232' title='bbox 423 2122 457 2148; x_wconf 88' lang='lat' dir='ltr'>me</span> <span class='ocrx_word' id='word_1_233' title='bbox 465 2111 528 2159; x_wconf 88' lang='lat' dir='ltr'>rapis.</span> <span class='ocrx_word' id='word_1_234' title='bbox 554 2112 600 2159; x_wconf 81' lang='lat' dir='ltr'>Eia,</span> 
     </span>
    </p>

    <p class='ocr_par' dir='ltr' id='par_1_31' title="bbox 48 2160 555 2210">
     <span class='ocr_line' id='line_1_35' title="bbox 48 2160 555 2210; baseline 0.002 -11"><span class='ocrx_word' id='word_1_235' title='bbox 48 2161 79 2201; x_wconf 84' lang='lat' dir='ltr'>Ne</span> <span class='ocrx_word' id='word_1_236' title='bbox 90 2162 148 2210; x_wconf 87' lang='lat' dir='ltr'>prior</span> <span class='ocrx_word' id='word_1_237' title='bbox 156 2160 225 2200; x_wconf 86' lang='lat' dir='ltr'>officio</span> <span class='ocrx_word' id='word_1_238' title='bbox 233 2162 345 2210; x_wconf 84' lang='lat' dir='ltr'>quisquam</span> <span class='ocrx_word' id='word_1_239' title='bbox 353 2162 484 2210; x_wconf 78' lang='lat' dir='ltr'>respondeat,</span> <span class='ocrx_word' id='word_1_240' title='bbox 494 2162 555 2210; x_wconf 72' lang='lat' dir='ltr'>urget</span> 
     </span>
    </p>

    <p class='ocr_par' dir='ltr' id='par_1_32' title="bbox 47 2211 556 2261">
     <span class='ocr_line' id='line_1_36' title="bbox 47 2211 556 2261; baseline 0.004 -11"><span class='ocrx_word' id='word_1_241' title='bbox 47 2211 94 2251; x_wconf 78' lang='lat' dir='ltr'>Sive</span> <span class='ocrx_word' id='word_1_242' title='bbox 104 2211 182 2261; x_wconf 84' lang='lat' dir='ltr'>Aquilo</span> <span class='ocrx_word' id='word_1_243' title='bbox 190 2212 245 2251; x_wconf 80' lang='lat' dir='ltr'>redit</span> <span class='ocrx_word' id='word_1_244' title='bbox 252 2216 325 2257; x_wconf 86' lang='lat' dir='ltr'>terras,</span> <span class='ocrx_word' id='word_1_245' title='bbox 334 2223 372 2251; x_wconf 91' lang='lat' dir='ltr'>seu</span> <span class='ocrx_word' id='word_1_246' title='bbox 380 2212 455 2250; x_wconf 89' lang='lat' dir='ltr'>bruma</span> <span class='ocrx_word' id='word_1_247' title='bbox 463 2211 556 2252; x_wconf 84' lang='lat' dir='ltr'>nivalem</span> 
     </span>
    </p>
   </div>
   <div class='ocr_carea' id='block_1_6' title="bbox 0 0 786 2568">
    <p class='ocr_par' dir='ltr' id='par_1_33' title="bbox 0 0 786 2568">
     <span class='ocr_line' id='line_1_37' title="bbox 0 0 786 2568; baseline 0 2"><span class='ocrx_word' id='word_1_248' title='bbox 0 0 786 2568; x_wconf 95' lang='lat' dir='ltr'> </span> 
     </span>
    </p>
   </div>
  </div>
 </body>
</html>
