1562 2568
118 160 156 197 att
270 156 297 198 Q.
310 155 435 195 nonam
448 154 548 195 nancel

118 274 189 319 Quum
196 271 262 311 semel
271 272 377 316 imbuerit,
386 281 501 320 operamus,
513 271 609 310 carmina
615 271 669 320 tingi

119 324 182 362 Poaae
191 323 278 362 linenda
285 323 355 367 cedro,
363 326 385 361 et
392 322 433 361 levi
442 323 546 361 remanda
553 323 668 371 cupresso?

144 375 188 412 Aut
196 375 295 422 prodeaae
303 374 383 419 volunt,
391 377 429 411 aut
436 372 541 412 delectare
549 377 625 421 poete,

118 424 163 462 Aut
170 424 235 463 aimul
243 428 265 462 et
270 424 366 472 jucunda
374 428 396 461 et
404 424 482 462 idonea
490 424 560 462 dicere
567 423 625 461 vitae.

118 475 225 523 Quicquid
233 475 349 523 precipiet,
357 478 402 512 eato
410 474 489 518 brevia;
504 478 529 512 ut
536 474 578 511 cito
584 474 643 511 dicta

119 525 240 574 Percipient
248 524 315 562 animi
321 524 407 570 docilea,
417 528 546 573 teneantque
554 523 628 562 fideles
636 536 641 560 :

119 576 187 613 Omne
195 585 350 624 eupervacuum
358 574 422 623 pleno
431 576 458 613 de
464 578 548 623 pectore
555 578 637 612 manat.

119 626 178 664 Ficta
186 625 301 673 voluptatis
309 635 373 663 cauea
380 626 423 664 aint
430 626 527 674 proxima
534 625 595 667 veria.

119 677 171 720 Nec,
181 676 324 724 quodcunque
333 675 396 721 volet,
405 681 477 724 poacat
485 676 526 714 aibi
533 674 608 713 tabula
616 675 675 713 credi
683 688 688 719 ;

119 726 169 765 Neu
177 736 261 775 pransae
270 725 350 764 Lamiae
358 727 430 764 vivum
438 737 528 775 puerum
538 725 638 764 extrahat
646 725 703 764 alvo.

119 777 224 815 Centurioe
233 777 341 815 seniorum
350 776 431 825 agitant
438 776 534 826 expertia
542 776 621 824 snagin
681 777 717 814 341

119 827 174 866 Celei
182 831 311 876 praetereunt
319 831 404 865 auatera
411 831 510 876 poemata
519 826 624 865 Ramnes:

119 878 189 916 Omne
198 877 247 916 tulit
254 881 358 927 punctum
367 878 403 925 qui
412 878 497 916 miwuit
503 876 557 915 utile
565 877 629 922 dulci,

120 929 229 967 Lectoram
237 927 363 966 delectando
372 929 492 976 pariterque
499 928 613 966 monendo.

120 979 162 1017 Hic
170 981 237 1017 meret
244 989 288 1017 aera
297 978 352 1016 liber
360 978 434 1022 Soaiia;
448 978 484 1016 hic
493 982 515 1016 et
522 988 581 1016 mare
589 979 673 1023 transit,

121 1029 149 1067 Et
157 1029 245 1077 longum
253 1032 303 1068 noto
311 1029 407 1077 scriptori
414 1033 511 1077 prorogat
519 1039 596 1068 terum.

121 1080 175 1118 Sunt
183 1079 261 1118 delicta
269 1084 348 1125 tamen,
357 1080 435 1127 quibua
443 1079 546 1127 ignovisse
554 1077 657 1118 velimus:

122 1129 178 1169 Nam
186 1141 255 1178 nequa
263 1129 343 1168 chorda
350 1141 426 1168 nonum
435 1130 505 1168 reddit
512 1140 576 1178 quem
582 1129 629 1169 vuit
637 1139 715 1169 manua

171 1192 182 1218 e
234 1191 248 1218 u
772 1196 773 1199 ¹

122 1185 354 1280 Poscenltlr'Igug'gravem
362 1240 455 1279 peraaepe
465 1229 556 1269 remittit
563 1234 664 1275 acutum
683 1231 720 1269 tte
772 1206 773 1257 i

122 1281 168 1319 Nec
176 1292 258 1330 nemper
266 1281 328 1319 feriet
335 1282 478 1330 quodcunque
485 1281 602 1319 minabitur
610 1291 677 1320 arcus¹

122 1331 202 1370 Verum
209 1332 248 1370 ubi
255 1331 317 1380 plura
325 1334 394 1370 nitent
402 1331 425 1369 in
433 1332 533 1377 carmine,
541 1342 584 1369 non
593 1341 632 1380 ego
640 1331 713 1380 paucia

122 1381 223 1421 offendar
230 1381 327 1426 maculia.
337 1392 390 1431 quaa
401 1386 439 1420 aut
446 1382 529 1421 incuria
536 1381 599 1427 fudit,

123 1433 167 1470 Aut
174 1432 269 1470 humana
277 1442 353 1481 parum
361 1432 418 1470 cavit
425 1436 507 1471 natura.
534 1433 591 1477 Quid
599 1443 648 1481 ergo
656 1433 702 1471 eat!
770 1436 771 1453 ¹

123 1482 152 1520 Ut
160 1485 248 1531 acriptor
256 1482 274 1520 ai
283 1485 358 1531 peccat
365 1483 422 1521 idem
432 1483 531 1521 librariua
538 1493 614 1531 usque,
764 1474 770 1506 ¹

123 1533 224 1578 Quamvis
233 1538 265 1571 est
273 1533 373 1578 monitus,
382 1533 444 1571 venia
452 1541 521 1577 caret;
537 1537 559 1571 et
566 1533 695 1572 citharoedua
769 1546 770 1551 ¹

124 1583 221 1628 Ridetur.
231 1583 309 1622 chorda
319 1585 355 1631 qui
364 1594 448 1632 aemper
456 1585 540 1623 oberrat
548 1585 637 1622 eadem:

123 1634 157 1672 Sic
166 1634 225 1677 mihi.
235 1635 272 1683 qui
279 1633 371 1673 multum
381 1638 456 1679 ceaaat,
465 1635 490 1672 fit
498 1634 603 1673 Choerilua
611 1634 654 1678 illc,

124 1685 192 1730 Quem
200 1685 234 1723 bia
241 1690 315 1733 terque
324 1685 403 1723 bonum
412 1696 461 1723 cum
468 1685 512 1723 riau
520 1687 596 1729 miror:
608 1689 631 1723 et
639 1684 694 1722 idem

124 1735 232 1783 Indignor,
242 1736 369 1784 quandoque
377 1736 446 1773 bonua
454 1736 555 1773 dormitat
563 1735 673 1774 Homerus.

124 1785 204 1823 Verum
213 1786 271 1833 operi
279 1785 342 1833 longo
351 1786 383 1824 faa
393 1790 424 1824 eat
432 1787 532 1835 obrepere
540 1796 646 1824 somnum
682 1786 717 1823 tto
766 1820 767 1827 ,

125 1835 155 1874 Ut
163 1836 252 1884 pictura,
261 1837 342 1884 poecis:
357 1837 397 1874 erit
405 1845 461 1885 quae,
470 1839 489 1875 si
495 1836 582 1924 propius
591 1840 640 1880 ates,
766 1830 767 1843 ¹

124 1886 153 1923 Te
162 1887 232 1934 capiet
240 1886 315 1934 magia,
324 1890 347 1925 et
354 1887 459 1935 quaedam.
469 1889 488 1925 ai
503 1887 579 1935 ongiua
588 1887 657 1926 abates
665 1899 669 1929 ;

125 1937 178 1974 iiaec
187 1942 245 1974 amat
252 1937 371 1983 obscurum,
380 1937 436 1976 volet
444 1936 491 1975 haec
501 1938 541 1976 aub
546 1936 595 1975 luce
603 1937 674 1981 videri,

125 1985 206 2025 Judicia
216 1992 314 2035 argutum
322 1998 371 2036 quae
379 1998 422 2026 non
430 1987 530 2026 formidat
538 1998 639 2026 acumen:

126 2037 178 2074 iiaec
186 2036 267 2084 placuit
275 2039 348 2082 semei,
355 2038 403 2081 liaec
410 2038 480 2078 decies
486 2039 577 2087 repetita
584 2037 680 2087 placabit.

151 2087 169 2123 0
177 2088 244 2134 major
250 2088 361 2135 juvenum,
372 2089 469 2137 quamvis
477 2093 499 2127 et
504 2099 555 2128 voce
563 2094 652 2138 paterna

126 2135 220 2183 Fingeria
228 2139 256 2176 ad
264 2143 352 2184 rectum,
363 2143 384 2177 et
391 2150 428 2187 per
436 2143 457 2177 te
466 2141 529 2189 sapia,
538 2139 579 2178 hoc
585 2140 627 2178 tibi
634 2140 709 2178 dictum

126 2186 185 2227 Tolle
194 2198 287 2229 memor:
301 2190 363 2228 certia
370 2190 466 2231 medium
474 2196 496 2229 et
504 2189 615 2229 tolerabile
622 2189 682 2231 rebat
745 2160 763 2359 d
