1520 2572
114 202 153 242 lot'
267 196 292 241 Οἱ
306 199 431 240 notatu
443 198 543 241 mcci

354 326 412 366 ODE
426 327 463 366 lV.

155 428 233 491 >Loris
242 429 331 517 etTagnis
340 429 596 526 (ιιιιζῗὶιίιῑιῶιέοῐέἰ3ἃοὶηὶςὶῐ,1

278 490 340 518 ecum
349 490 379 517 mr
468 490 479 517 r
522 491 544 519 es

163 528 249 568 Iberitis
257 534 341 579 peruste
349 529 436 569 mnibus
449 529 511 573 latus.

262 580 290 618 Et
297 590 358 618 crura
367 581 420 619 dura
427 582 535 629 compede.

162 631 221 669 Licet
228 630 331 679 superbus
339 630 436 669 ambules
444 631 540 679 pecunia,

133 726 136 731 ¹
262 680 356 719 Fortuna
365 692 407 719 non
415 685 485 719 mutat
492 692 566 729 genus.

163 731 260 776 Videsne,
273 731 359 770 Sacram
366 732 468 770 metiente
477 735 498 770 te
505 732 562 770 viam

261 782 313 820 Cum
322 781 355 821 bis
363 782 427 820 trium
435 781 535 820 ulnarum
543 786 601 831 toga,

163 832 191 870 Ut
199 844 235 872 ora
242 836 310 870 vertat
317 832 359 870 huc
369 836 390 870 et
396 832 438 871 hue
446 832 542 871 euntium

261 882 377 921 Liberrima
385 883 515 931 indignatio?

141 936 154 954 “
162 934 234 973 sectus
242 933 330 982 flagellis
339 933 374 972 hie
382 932 562 980 Triumvirelibus,

262 984 367 1022 Praeoonis
375 985 403 1022 ad
411 983 528 1029 fastidium,

162 1035 214 1074 Atat
223 1034 305 1073 Falerni
313 1033 371 1072 mille
380 1034 441 1073 fundi
446 1036 526 1082 jugera,

263 1085 290 1123 Et
299 1085 389 1133 Appiam
397 1085 481 1123 mannis
490 1086 539 1122 terit
546 1096 550 1125 i

162 1136 310 1184 Sediiibusque
317 1145 405 1183 magnus
414 1135 436 1173 in
444 1134 517 1183 primis
525 1145 599 1183 eques,

261 1185 344 1224 Othone
352 1190 464 1230 contemto,
474 1186 539 1223 sedet.

161 1237 217 1282 Quid
226 1236 301 1275 attinet
309 1239 341 1274 tot
348 1246 385 1274 ora
393 1237 479 1274 navium
487 1236 545 1283 gravi

262 1284 360 1325 Rostrata
367 1287 416 1324 duci
424 1287 516 1335 pondere

162 1338 238 1377 Contra
246 1338 337 1376 latrones
345 1341 409 1385 atque
417 1337 515 1375 servilem
524 1346 620 1380 manum,

260 1388 306 1425 Hoc
314 1386 354 1425 hoc
362 1388 447 1426 tribuno
453 1387 546 1425 militum
551 1384 572 1424 t‘·

361 1515 418 1554 ODE
432 1514 457 1552 V.

237 1605 263 1644 in
277 1592 404 1644 C‘artxnrtar
420 1604 574 1643 vssarrcssr.

162 1682 201 1727 Ar,
211 1693 223 1720 o
232 1681 324 1720 Deorum
332 1680 435 1728 quidquid
444 1680 466 1718 in
475 1679 529 1718 coelo
537 1679 592 1727 regit

237 1731 311 1769 Terras
319 1734 342 1769 et
349 1730 467 1769 humanum
475 1741 541 1777 genus
550 1729 555 1767 i

162 1784 219 1829 Quid
226 1783 266 1821 iste
273 1781 315 1820 fert
321 1779 438 1819 tumultuat
455 1785 493 1818 aut
501 1779 553 1829 quid
561 1778 662 1818 omnium·

236 1831 313 1870 Vultus
321 1831 345 1869 in
352 1842 419 1869 unum
427 1841 461 1868 me
472 1830 556 1868 truces-i
677 1850 681 1859 ι

163 1884 203 1922 Per
210 1883 288 1921 liberos
294 1886 322 1927 te,
331 1882 350 1920 si
358 1885 431 1919 vocata
439 1881 541 1930 partubus

237 1933 318 1972 Lucina
326 1933 380 1969 veris
389 1931 465 1977 attuit,

163 1984 202 2022 Per
210 1984 251 2022 hoo
258 1983 321 2021 inane
330 1992 429 2031 purpurae
437 1983 501 2020 decus
510 1991 594 2030 precor,-

237 2033 277 2072 Per
285 2033 452 2082 improbaturum
460 2031 506 2070 haec
515 2031 597 2076 Jovem,

163 2083 220 2129 Quid
227 2087 252 2122 ut
259 2093 348 2122 noverca
356 2094 390 2120 me
401 2082 496 2127 intueris,
505 2086 543 2120 aut
550 2083 583 2120 uti

239 2134 307 2172 Petita
314 2133 368 2171 ferro
377 2132 462 2171 beliuat

164 2182 193 2222 Ut
200 2183 246 2223 haec
254 2186 356 2222 tremente
365 2186 451 2230 questus
460 2194 496 2221 ore
504 2182 602 2221 constitit

239 2233 359 2282 insignibus
367 2234 432 2281 raptis
440 2243 498 2282 puer,
