1520 2572
205 175 378 216 SATIRARUM
391 176 445 215 LlB.
460 176 478 214 1.
606 178 640 215 127

42 291 115 336 iilam,
127 289 176 329 Post
183 290 254 339 paulo,
264 291 301 330 sed
310 291 383 340 pluris,
393 291 411 329 si
419 291 495 330 exierit
502 291 540 337 vir,
605 293 641 329 120

42 341 127 386 Gallim
149 341 211 387 hauc,
229 341 365 381 Philodemus
385 342 422 389 ait,
442 343 489 388 sibi,
507 351 555 390 quae
573 352 641 390 neque

93 402 173 439 magno

41 444 89 481 Stet
97 442 172 491 pretio,
182 453 250 490 neque
259 447 376 488 cunctetur,
384 454 451 492 quum
457 443 554 491 estiussa
562 443 640 481 venire.

42 493 140 580 Candida
155 497 253 542 rectaque
266 494 299 540 sit,
315 495 396 532 munda
409 493 519 541 hactenus,
534 497 558 532 ut
571 504 641 543 neque

103 553 165 590 onga,

43 594 89 633 Nec
97 594 165 640 magis
173 593 224 631 alba
231 593 289 639 velit,
299 604 364 642 quam
372 594 408 632 det
416 598 499 640 natura,
508 594 582 633 videri.

43 644 97 682 Haec
105 644 144 682 ubi
152 643 263 692 supposuit
270 644 345 682 dextro
352 655 427 693 corpus
436 645 489 683 mihi
496 644 581 691 laevum,

43 694 85 733 Ilia
92 698 116 733 et
125 694 201 742 Egeria
209 699 252 737 est;
267 694 294 731 do
303 704 380 732 nomen
387 695 498 742 quodlibet
505 695 550 733 illi:

43 745 89 783 Nec
97 755 177 788 versor,
186 755 221 790 ne,
231 744 283 782 dum
291 743 359 788 iutuo,
368 745 400 782 vir
408 755 456 782 rure
464 750 564 790 recurrat,

40 795 115 834 Janua
123 795 239 843 frangatur,
247 793 310 832 latret
317 794 382 840 canis,
391 795 486 842 undique
493 806 570 844 magno

42 846 108 884 Pulsa
116 846 192 883 domus
201 845 290 893 strepitu
297 849 387 890 resonet,
396 844 502 893 vepallida
509 845 565 884 lecto

42 896 135 935 Desiliat
141 895 225 941 mulier,
235 895 335 934 miseram
343 906 366 933 se
374 895 458 933 conscia
466 895 553 940 clamen
603 898 639 936 130

41 947 145 985 Crinibus
153 946 200 984 haec
208 949 296 991 metuat,
307 946 351 984 doti
360 944 468 994 deprensa,
478 949 562 993 egomet
569 948 605 985 mi.

43 998 154 1036 Discincta
163 997 236 1034 tunica
243 996 370 1045 fugiendum
378 1000 411 1034 est
418 1008 443 1034 ac
451 997 505 1044 pede
513 997 577 1041 nudo,

43 1048 76 1086 Ne
84 1047 168 1086 nummi
176 1051 270 1095 pereant,
281 1052 318 1085 aut
326 1057 386 1095 pyga,
396 1051 434 1084 aut
442 1046 534 1096 denique
542 1047 606 1085 fama.

42 1098 151 1148 Deprendi
158 1098 259 1136 miserum
267 1103 311 1137 est:
326 1098 392 1137 Fabio
398 1097 511 1146 reljudics
519 1097 609 1136 vincam.

233 1249 340 1289 asilos
353 1251 395 1291 111.

39 1352 155 1392 Ouuraus
163 1351 204 1390 hoc
211 1351 287 1391 vitium
294 1357 327 1391 est
334 1355 462 1401 cantoribus,
470 1354 526 1394 inter
533 1356 611 1394 sruicos

41 1402 70 1442 lit
76 1412 189 1450 nunquam
197 1402 298 1443 inducant
306 1405 401 1443 animum
410 1411 496 1444 cantare
504 1408 577 1455 rogati,

41 1453 121 1502 iniussi
128 1463 240 1500 nunquam
249 1453 357 1494 desistant.
384 1457 460 1496 Sardus
468 1456 561 1496 habebat

40 1504 79 1543 Ille
88 1502 192 1552 Tigellius
200 1503 247 1541 hoc.
273 1505 348 1551 caesar,
358 1508 395 1554 qui
402 1518 475 1556 cogere
483 1512 560 1556 posset,

40 1555 61 1593 ti
68 1558 154 1604 peteret
161 1565 199 1602 per
205 1554 320 1593 amicitiam
328 1558 394 1604 patris
402 1562 465 1606 atque
473 1569 541 1605 suem,
551 1570 594 1597 non

40 1605 160 1654 Quicquam
168 1605 288 1652 proficerem
302 1607 320 1644 si
327 1607 462 1654 collibuisset,
471 1609 498 1646 ab
506 1619 545 1646 ovo

40 1655 112 1705 Usque
122 1656 151 1693 ad
158 1654 216 1693 mala
224 1656 299 1694 citaret
306 1656 330 1694 lo
340 1657 422 1696 Bacche
430 1657 435 1694 !
451 1659 514 1696 modo
522 1669 606 1697 summe

40 1705 102 1754 Voce,
111 1706 176 1745 modo
182 1705 230 1751 hac,
238 1711 323 1744 resonat
330 1717 378 1754 quae
386 1707 469 1746 chordis
477 1713 568 1758 quatuor
575 1710 626 1747 ima.

41 1757 76 1796 1111
82 1756 170 1805 aequale
177 1756 259 1794 homini
266 1756 308 1794 init
315 1756 354 1794 illi.
379 1758 439 1805 Saepe
447 1758 506 1796 velut
514 1758 551 1808 qui

40 1807 149 1854 currebat,
158 1807 242 1855 fugiens
250 1806 338 1851 hostem,
347 1818 441 1856 persaepe
448 1808 507 1846 velut
515 1809 552 1858 qui
611 1811 634 1848 1⁰

39 1857 130 1898 sunonis
139 1868 199 1897 sacra
207 1857 281 1895 ferret:
297 1856 390 1895 habebat
398 1868 453 1907 saepe
462 1859 570 1904 ducentos,

39 1910 98 1959 depe
107 1909 183 1948 decem
191 1918 271 1951 servos;
287 1908 351 1947 modo
358 1919 417 1956 reges
426 1912 489 1956 atque
497 1909 620 1956 tetrarchas,

38 1958 116 1999 Omnia
136 1969 216 2007 magna
234 1957 334 2006 loqueum
354 1959 424 2005 modo,
444 1960 475 1997 Sit
489 1960 543 1998 milri
560 1971 634 2000 mensa

85 2008 154 2059 tripes
162 2013 185 2048 et

37 2060 123 2100 concha
130 2059 182 2099 salis
189 2059 244 2107 puri,
253 2063 275 2097 et
282 2065 337 2107 toga,
347 2070 396 2108 quas
404 2059 518 2101 defendere
525 2060 597 2109 trigue,

37 2110 141 2153 Quamvis
148 2120 224 2155 crassa,
234 2115 305 2157 queat·
331 2110 406 2149 Decies
413 2115 503 2149 centena
511 2110 602 2152 dedisses

37 2159 94 2201 Huic
101 2171 174 2209 parco.
183 2161 257 2208 paucis
264 2165 374 2199 contento:
389 2162 483 2210 quinque
491 2162 566 2201 diebus

38 2210 73 2250 Nil
81 2214 130 2250 erat
138 2212 161 2248 in
168 2209 251 2249 loculis.
279 2211 355 2251 Noctes
364 2211 465 2261 vigilabat
474 2212 578 2261 adipsum

523 2277 540 2310 K
