1562 2568
199 219 371 260 BATIRARUM
385 221 440 261 nm.
451 221 481 260 11.
621 225 657 262 169

63 335 144 384 Magna
151 335 246 375 minorve
253 336 299 376 foro
307 338 325 376 si
333 347 366 376 res
373 337 489 376 certabitur
495 335 554 381 olim,

63 386 126 425 Vivet
134 390 182 425 uter
189 386 282 436 locuples
291 388 338 427 sine
345 389 422 437 gnatis,
431 388 460 426 im
476 388 545 432 robus,
554 387 611 425 ultro

64 436 105 483 Qui
114 436 223 475 meliorem
231 440 303 477 audax
310 444 370 477 vocet
378 439 400 476 in
406 440 448 487 jus,
457 439 464 476 i
482 438 568 477 inserto

22 538 23 541 Ἴ
63 487 179 526 Defensor:
192 488 250 527 sama
257 490 325 528 civem
333 500 439 537 causaque
447 489 537 538 priorem
637 489 662 526 ³0

64 537 151 586 Sperne,
161 538 217 577 domi
226 539 243 578 si
251 545 327 587 gnatus
335 540 376 578 erit
382 541 499 578 fecundave
508 539 593 588 coniux.

65 588 150 634 Quinte,
160 593 218 637 puta,
227 595 265 628 aut
274 590 336 628 Publi
343 591 445 638 (gaudent
452 589 662 639 praenominemollea

64 638 188 687 Amicum),
198 640 237 677 tibi
245 650 280 678 me
289 640 354 679 virtus
363 645 401 679 tua
408 641 460 679 iecit
467 641 572 680 amicum:

64 688 103 728 Jus
111 700 190 738 anceps
197 690 254 735 novi,
263 700 338 729 causas
345 690 458 729 defendere
466 702 564 740 possum:

65 740 147 788 Eripiet
154 740 222 788 quivis
231 740 303 779 oculos
311 741 372 780 citius
379 741 439 786 mihi,
449 752 513 789 quam
521 745 543 781 tc

65 789 200 829 Contemtum
208 801 267 829 cassa
275 801 330 829 nuce
335 795 447 839 pauperet:
460 791 507 830 haec
511 803 560 830 mea
567 802 618 831 cura
623 796 662 837 est,

66 840 99 878 Ne
108 840 161 888 quid
168 846 192 879 tu
200 842 282 889 perdas,
292 852 335 879 neu
343 841 371 880 sis
376 842 444 890 jocus.
466 841 499 880 Ire
505 842 591 881 domum
598 846 663 891 atqua

66 890 191 929 Pelliculam
200 901 273 930 curare
279 892 331 939 jube
339 904 344 928 r
355 891 370 928 fl
378 891 472 939 cognitor
477 891 528 940 ipse.

19 968 20 983 ³
65 941 144 987 Persia,
154 946 218 990 atque
226 943 314 986 obdura,
323 953 361 980 seu
369 942 433 980 rubra
441 941 613 982 Caniculailudet

19 990 20 999 ¹
65 991 161 1030 Infantes
170 996 261 1037 statum
276 1003 315 1031 seu
322 993 396 1041 pingui
404 995 475 1030 tentus
483 1003 555 1031 omaso
638 994 663 1032 40

65 1041 141 1081 Furius
149 1042 249 1082 hibernas
258 1054 311 1081 caua
319 1043 367 1081 nive
377 1046 479 1091 conspuet
485 1042 556 1092 Alpes.

66 1092 142 1131 Nonne
151 1093 209 1132 vides
216 1093 302 1141 (aliquis
310 1094 382 1132 cubito
389 1097 480 1131 stantem
494 1104 558 1141 prope
567 1097 657 1141 tangens

66 1142 169 1193 Inquiet),
179 1147 204 1182 ut
211 1144 307 1192 patiens!
321 1147 346 1182 ut
353 1144 425 1182 amicis
434 1144 507 1191 aptus!
520 1147 545 1182 ut
553 1144 612 1181 acer!

65 1193 142 1232 Plures
151 1194 262 1233 annabnnt
271 1194 355 1240 thunni,
364 1199 386 1233 et
393 1194 472 1232 cetaria
480 1198 581 1235 crescent

66 1244 88 1282 Si
96 1243 131 1282 cui
140 1248 243 1292 preterca
250 1244 335 1283 validus
342 1245 398 1283 male
406 1245 462 1283 illius
471 1245 493 1282 in
501 1256 524 1283 re

66 1293 171 1333 Ptreclara
179 1295 275 1334 sublatus
283 1295 357 1341 aletur,
367 1308 394 1334 ne
402 1295 539 1334 menifestum

16 1372 17 1375 η
66 1345 151 1384 caelibis
157 1345 283 1395 obsequium
291 1347 357 1385 nudet
365 1351 393 1393 te,
402 1346 478 1385 leniter
485 1347 508 1384 ln
517 1356 576 1395 spem

65 1395 150 1445 adrepe
158 1395 269 1441 officiosus,
277 1401 302 1435 ut
310 1402 331 1436 et
338 1398 430 1436 scribare
438 1397 544 1436 secundus

66 1446 148 1492 Haeres,
158 1451 186 1492 et,
195 1448 268 1495 siquis
277 1458 337 1487 casus
345 1459 436 1497 puerum
446 1448 512 1495 egerit
520 1448 579 1493 Orco,

65 1497 92 1536 In
100 1507 192 1535 vacuum
200 1498 284 1536 venias:
299 1509 383 1547 perraro
391 1499 438 1537 haec
445 1497 493 1537 alea
501 1498 563 1536 fallit.
640 1499 665 1536 50

65 1548 107 1593 Qui
116 1551 267 1587 testamentum
276 1549 345 1587 tradet
353 1550 391 1588 tibi
399 1560 483 1597 cunque
492 1549 613 1597 legendum,

65 1599 172 1643 abnuere,
183 1606 205 1637 et
213 1599 296 1638 tabules
305 1610 318 1637 a
326 1606 347 1637 te
355 1611 462 1638 removere
468 1602 575 1638 memento
583 1611 588 1637 t

65 1649 99 1688 Sic
109 1652 187 1694 tamen,
196 1653 221 1688 ut
228 1649 285 1688 limis
293 1651 369 1698 rapias,
378 1651 431 1699 quid
439 1654 508 1699 prima
514 1650 607 1689 secundo

65 1700 118 1738 Cera
125 1698 178 1738 velit
184 1711 256 1744 versu;
270 1699 334 1746 solus,
343 1700 444 1739 multisne
451 1700 551 1746 cohaeres,

65 1749 140 1788 Veloci
147 1761 246 1799 percurre
255 1749 323 1788 oculo.
351 1751 478 1798 Plerumque
486 1755 582 1789 recoctus

65 1801 139 1839 Scriba
147 1812 175 1838 ex
183 1801 323 1849 quinqueviro
331 1811 417 1839 corvum
426 1800 513 1838 deludet
520 1801 622 1846 hiantem,

96 1855 208 1900 ptatorque
216 1851 277 1889 dabit
283 1851 337 1889 risus
347 1851 424 1889 Nasica
433 1852 520 1889 Corano.

87 1912 125 1940 um
133 1901 200 1940 furisi
214 1912 242 1940 an
250 1902 342 1950 prudens
346 1901 403 1940 ludis
411 1912 452 1947 me,
461 1902 550 1940 obscura
556 1902 651 1940 canendo
659 1903 667 1940 l

66 1953 84 1991 0
93 1952 210 1997 Laertiade,
219 1953 321 2000 quicquid
329 1953 404 1996 dicam,
412 1960 449 1990 aut
457 1952 497 1990 erit
505 1957 543 1989 aut
552 1963 607 1990 nou:

66 2003 167 2041 Divinare
176 2004 255 2040 etenim
264 2013 353 2049 magnus
361 2002 415 2041 mihi
423 2003 489 2040 donat
501 2002 583 2051 Apollo.
640 2004 665 2040 do

65 2053 123 2098 Quid
132 2058 203 2091 tamen
214 2054 255 2091 ista
267 2053 319 2092 velit
326 2053 367 2091 sibi
374 2052 453 2095 fabula.
464 2053 482 2090 si
491 2051 546 2099 licet.
554 2053 600 2091 ede.

65 2104 170 2152 Tempore
178 2114 220 2152 quo
226 2104 310 2152 Juvenis
319 2104 402 2142 Parthia
410 2103 534 2145 horrendus.
543 2104 571 2142 ab
579 2102 622 2142 alto

66 2154 187 2194 Demissum
196 2165 262 2201 genus
271 2154 346 2199 AEnea,
353 2154 429 2193 tellure
437 2153 534 2201 marique

66 2203 159 2252 Magnus
167 2204 213 2249 erit,
222 2204 272 2243 forti
279 2206 346 2244 nubet
353 2215 439 2255 procera
447 2203 529 2242 coreno

66 2254 122 2294 ruia
131 2255 221 2302 Nasicae,
230 2256 345 2296 metuentia
353 2256 441 2296 reddere
449 2255 539 2295 eoldum.
