<?xml version="1.0" encoding="UTF-8"?>
<!DOCTYPE html PUBLIC "-//W3C//DTD XHTML 1.0 Transitional//EN"
    "http://www.w3.org/TR/xhtml1/DTD/xhtml1-transitional.dtd">
<html xmlns="http://www.w3.org/1999/xhtml" xml:lang="en" lang="en">
 <head>
  <title>
</title>
<meta http-equiv="Content-Type" content="text/html;charset=utf-8" />
  <meta name='ocr-system' content='tesseract 3.04.00' />
  <meta name='ocr-capabilities' content='ocr_page ocr_carea ocr_par ocr_line ocrx_word'/>
</head>
<body>
  <div class='ocr_page' id='page_1' title='image "./opera04horagoog_0217.png"; bbox 0 0 1562 2568; ppageno 0'>
   <div class='ocr_carea' id='block_1_1' title="bbox 130 174 568 218">
    <p class='ocr_par' dir='ltr' id='par_1_1' title="bbox 130 174 568 218">
     <span class='ocr_line' id='line_1_1' title="bbox 130 174 568 218; baseline 0.002 -2"><span class='ocrx_word' id='word_1_1' title='bbox 130 179 167 217; x_wconf 79' lang='grc'>190</span> <span class='ocrx_word' id='word_1_2' title='bbox 292 176 318 218; x_wconf 78' lang='lat'>0.</span> <span class='ocrx_word' id='word_1_3' title='bbox 332 174 456 217; x_wconf 75' lang='lat' dir='ltr'>floaarll</span> <span class='ocrx_word' id='word_1_4' title='bbox 469 177 568 217; x_wconf 78' lang='lat' dir='ltr'>rLAccl</span> 
     </span>
    </p>
   </div>
   <div class='ocr_carea' id='block_1_2' title="bbox 84 291 769 2058">
    <p class='ocr_par' dir='ltr' id='par_1_2' title="bbox 84 291 769 2058">
     <span class='ocr_line' id='line_1_2' title="bbox 128 291 684 341; baseline 0.002 -9"><span class='ocrx_word' id='word_1_5' title='bbox 128 293 200 333; x_wconf 73' lang='lat' dir='ltr'>Tertia</span> <span class='ocrx_word' id='word_1_6' title='bbox 206 291 326 337; x_wconf 70' lang='lat' dir='ltr'>succedant,</span> <span class='ocrx_word' id='word_1_7' title='bbox 335 296 357 331; x_wconf 90' lang='lat' dir='ltr'>et</span> <span class='ocrx_word' id='word_1_8' title='bbox 364 302 412 340; x_wconf 81' lang='lat' dir='ltr'>quae</span> <span class='ocrx_word' id='word_1_9' title='bbox 420 302 468 341; x_wconf 87' lang='lat' dir='ltr'>pars</span> <span class='ocrx_word' id='word_1_10' title='bbox 477 291 567 340; x_wconf 80' lang='lat' dir='ltr'><strong>quadret</strong></span> <span class='ocrx_word' id='word_1_11' title='bbox 574 303 684 333; x_wconf 82' lang='lat' dir='ltr'>acervum.</span> 
     </span>
     <span class='ocr_line' id='line_1_3' title="bbox 129 343 679 391; baseline 0 -7"><span class='ocrx_word' id='word_1_12' title='bbox 129 344 214 384; x_wconf 74' lang='lat' dir='ltr'>Scilicet</span> <span class='ocrx_word' id='word_1_13' title='bbox 221 354 308 383; x_wconf 85' lang='lat' dir='ltr'>uxorem</span> <span class='ocrx_word' id='word_1_14' title='bbox 317 354 366 381; x_wconf 80' lang='lat' dir='ltr'>curn</span> <span class='ocrx_word' id='word_1_15' title='bbox 374 343 429 389; x_wconf 87' lang='lat' dir='ltr'>dote,</span> <span class='ocrx_word' id='word_1_16' title='bbox 439 343 551 390; x_wconf 80' lang='lat' dir='ltr'>fidemque,</span> <span class='ocrx_word' id='word_1_17' title='bbox 560 347 582 381; x_wconf 92' lang='lat' dir='ltr'>et</span> <span class='ocrx_word' id='word_1_18' title='bbox 590 345 679 391; x_wconf 84' lang='lat' dir='ltr'>amicos,</span> 
     </span>
     <span class='ocr_line' id='line_1_4' title="bbox 129 392 631 444; baseline -0.002 -11"><span class='ocrx_word' id='word_1_19' title='bbox 129 396 158 434; x_wconf 82' lang='lat' dir='ltr'>Et</span> <span class='ocrx_word' id='word_1_20' title='bbox 164 406 231 444; x_wconf 77' lang='lat' dir='ltr'>genus</span> <span class='ocrx_word' id='word_1_21' title='bbox 239 401 261 432; x_wconf 89' lang='lat' dir='ltr'>et</span> <span class='ocrx_word' id='word_1_22' title='bbox 270 394 360 432; x_wconf 80' lang='lat' dir='ltr'>formam</span> <span class='ocrx_word' id='word_1_23' title='bbox 368 394 440 442; x_wconf 81' lang='lat' dir='ltr'>regina</span> <span class='ocrx_word' id='word_1_24' title='bbox 449 392 542 431; x_wconf 79' lang='lat' dir='ltr'>Pecunia</span> <span class='ocrx_word' id='word_1_25' title='bbox 552 393 631 440; x_wconf 61' lang='lat' dir='ltr'>donam</span> 
     </span>
     <span class='ocr_line' id='line_1_5' title="bbox 129 442 701 495; baseline -0.002 -11"><span class='ocrx_word' id='word_1_26' title='bbox 129 446 161 484; x_wconf 82' lang='lat' dir='ltr'>Ac</span> <span class='ocrx_word' id='word_1_27' title='bbox 169 446 223 484; x_wconf 88' lang='lat' dir='ltr'>bene</span> <span class='ocrx_word' id='word_1_28' title='bbox 232 450 366 482; x_wconf 77' lang='lat' dir='ltr'>nummatum</span> <span class='ocrx_word' id='word_1_29' title='bbox 375 445 460 482; x_wconf 77' lang='lat' dir='ltr'>decorat</span> <span class='ocrx_word' id='word_1_30' title='bbox 468 442 566 489; x_wconf 77' lang='lat' dir='ltr'><strong>Suadela,</strong></span> <span class='ocrx_word' id='word_1_31' title='bbox 576 444 701 495; x_wconf 86' lang='lat' dir='ltr'>Venusque.</span> 
     </span>
     <span class='ocr_line' id='line_1_6' title="bbox 129 493 677 544; baseline 0 -10"><span class='ocrx_word' id='word_1_32' title='bbox 129 495 242 544; x_wconf 84' lang='lat' dir='ltr'>Mancipiis</span> <span class='ocrx_word' id='word_1_33' title='bbox 249 493 344 542; x_wconf 76' lang='lat' dir='ltr'>locuples</span> <span class='ocrx_word' id='word_1_34' title='bbox 352 499 400 542; x_wconf 81' lang='lat' dir='ltr'>eget</span> <span class='ocrx_word' id='word_1_35' title='bbox 407 495 455 532; x_wconf 75' lang='lat' dir='ltr'>aeris</span> <span class='ocrx_word' id='word_1_36' title='bbox 464 494 614 543; x_wconf 81' lang='lat' dir='ltr'>Cappadocum</span> <span class='ocrx_word' id='word_1_37' title='bbox 626 507 677 534; x_wconf 83' lang='lat' dir='ltr'>rex:</span> 
     </span>
     <span class='ocr_line' id='line_1_7' title="bbox 130 543 703 593; baseline 0.003 -9"><span class='ocrx_word' id='word_1_38' title='bbox 130 545 162 584; x_wconf 88' lang='lat' dir='ltr'>Ne</span> <span class='ocrx_word' id='word_1_39' title='bbox 170 545 235 583; x_wconf 80' lang='lat' dir='ltr'>fueris</span> <span class='ocrx_word' id='word_1_40' title='bbox 242 544 277 582; x_wconf 89' lang='lat' dir='ltr'>hic</span> <span class='ocrx_word' id='word_1_41' title='bbox 285 549 316 583; x_wconf 87' lang='lat' dir='ltr'>tu.</span> <span class='ocrx_word' id='word_1_42' title='bbox 343 544 468 593; x_wconf 83' lang='lat' dir='ltr'>Chlomydes</span> <span class='ocrx_word' id='word_1_43' title='bbox 477 543 585 590; x_wconf 75' lang='lat' dir='ltr'>Lucullus,</span> <span class='ocrx_word' id='word_1_44' title='bbox 597 551 623 583; x_wconf 91' lang='lat' dir='ltr'>ut</span> <span class='ocrx_word' id='word_1_45' title='bbox 634 547 703 593; x_wconf 89' lang='lat' dir='ltr'>aiunt,</span> 
     </span>
     <span class='ocr_line' id='line_1_8' title="bbox 129 595 726 645; baseline 0.003 -12"><span class='ocrx_word' id='word_1_46' title='bbox 129 596 151 633; x_wconf 85' lang='lat' dir='ltr'>si</span> <span class='ocrx_word' id='word_1_47' title='bbox 158 601 228 644; x_wconf 83' lang='lat' dir='ltr'>posset</span> <span class='ocrx_word' id='word_1_48' title='bbox 234 600 322 633; x_wconf 87' lang='lat' dir='ltr'>centum</span> <span class='ocrx_word' id='word_1_49' title='bbox 330 605 399 634; x_wconf 86' lang='lat' dir='ltr'>sceuae</span> <span class='ocrx_word' id='word_1_50' title='bbox 408 595 502 645; x_wconf 77' lang='lat' dir='ltr'>praebere</span> <span class='ocrx_word' id='word_1_51' title='bbox 510 602 602 642; x_wconf 73' lang='lat' dir='ltr'>rogatiu,</span> <span class='ocrx_word' id='word_1_52' title='bbox 704 598 726 635; x_wconf 84' lang='grc'>41</span> 
     </span>
     <span class='ocr_line' id='line_1_9' title="bbox 129 645 728 734; baseline 0.003 -50"><span class='ocrx_word' id='word_1_53' title='bbox 129 645 172 692; x_wconf 79' lang='lat' dir='ltr'>Qui</span> <span class='ocrx_word' id='word_1_54' title='bbox 178 656 271 734; x_wconf 67' lang='lat' dir='ltr'>lpossum</span> <span class='ocrx_word' id='word_1_55' title='bbox 284 647 327 684; x_wconf 78' lang='lat' dir='ltr'>toti</span> <span class='ocrx_word' id='word_1_56' title='bbox 341 646 383 690; x_wconf 85' lang='lat' dir='ltr'>ait;</span> <span class='ocrx_word' id='word_1_57' title='bbox 397 649 468 684; x_wconf 88' lang='lat' dir='ltr'>tamen</span> <span class='ocrx_word' id='word_1_58' title='bbox 481 649 503 683; x_wconf 88' lang='lat' dir='ltr'>et</span> <span class='ocrx_word' id='word_1_59' title='bbox 514 656 617 693; x_wconf 85' lang='lat' dir='ltr'>quaeram,</span> <span class='ocrx_word' id='word_1_60' title='bbox 633 652 662 693; x_wconf 87' lang='lat' dir='ltr'>et,</span> <span class='ocrx_word' id='word_1_61' title='bbox 677 653 728 697; x_wconf 88' lang='lat' dir='ltr'>quot</span> 
     </span>
     <span class='ocr_line' id='line_1_10' title="bbox 194 697 262 734; baseline 0.015 -1"><span class='ocrx_word' id='word_1_62' title='bbox 194 697 262 734; x_wconf 87' lang='lat' dir='ltr'>abebo</span> 
     </span>
     <span class='ocr_line' id='line_1_11' title="bbox 101 723 678 797; baseline 0.003 -12"><span class='ocrx_word' id='word_1_63' title='bbox 101 750 104 757; x_wconf 96' lang='grc'>’</span> <span class='ocrx_word' id='word_1_64' title='bbox 129 746 214 785; x_wconf 81' lang='lat' dir='ltr'>Mittam</span> <span class='ocrx_word' id='word_1_65' title='bbox 222 758 226 783; x_wconf 93' lang='lat'>:</span> <span class='ocrx_word' id='word_1_66' title='bbox 241 723 288 795; x_wconf 61' lang='lat' dir='ltr'>po’st</span> <span class='ocrx_word' id='word_1_67' title='bbox 296 745 360 794; x_wconf 91' lang='lat' dir='ltr'>paulo</span> <span class='ocrx_word' id='word_1_68' title='bbox 368 746 446 791; x_wconf 80' lang='lat' dir='ltr'>scribit,</span> <span class='ocrx_word' id='word_1_69' title='bbox 456 745 496 784; x_wconf 91' lang='lat' dir='ltr'>sibi</span> <span class='ocrx_word' id='word_1_70' title='bbox 504 744 573 784; x_wconf 85' lang='lat' dir='ltr'>millia</span> <span class='ocrx_word' id='word_1_71' title='bbox 581 747 678 797; x_wconf 87' lang='lat' dir='ltr'>quinqua</span> 
     </span>
     <span class='ocr_line' id='line_1_12' title="bbox 129 796 726 845; baseline 0 -9"><span class='ocrx_word' id='word_1_72' title='bbox 129 797 180 836; x_wconf 83' lang='lat' dir='ltr'>Esse</span> <span class='ocrx_word' id='word_1_73' title='bbox 189 798 247 835; x_wconf 84' lang='lat' dir='ltr'>domi</span> <span class='ocrx_word' id='word_1_74' title='bbox 256 796 403 845; x_wconf 68' lang='lat' dir='ltr'>chlamydum</span> <span class='ocrx_word' id='word_1_75' title='bbox 416 801 505 845; x_wconf 80' lang='lat' dir='ltr'>partem,</span> <span class='ocrx_word' id='word_1_76' title='bbox 512 796 545 834; x_wconf 87' lang='lat' dir='ltr'>vel</span> <span class='ocrx_word' id='word_1_77' title='bbox 553 796 638 836; x_wconf 88' lang='lat' dir='ltr'>tolleret</span> <span class='ocrx_word' id='word_1_78' title='bbox 648 809 726 838; x_wconf 85' lang='lat' dir='ltr'>omnes.</span> 
     </span>
     <span class='ocr_line' id='line_1_13' title="bbox 129 845 661 895; baseline 0.002 -10"><span class='ocrx_word' id='word_1_79' title='bbox 129 847 198 886; x_wconf 81' lang='lat' dir='ltr'>Exilis</span> <span class='ocrx_word' id='word_1_80' title='bbox 206 848 282 887; x_wconf 87' lang='lat' dir='ltr'>domus</span> <span class='ocrx_word' id='word_1_81' title='bbox 290 854 328 893; x_wconf 84' lang='lat' dir='ltr'>est,</span> <span class='ocrx_word' id='word_1_82' title='bbox 340 847 377 885; x_wconf 90' lang='lat' dir='ltr'>ubi</span> <span class='ocrx_word' id='word_1_83' title='bbox 385 858 428 885; x_wconf 88' lang='lat' dir='ltr'>non</span> <span class='ocrx_word' id='word_1_84' title='bbox 437 852 459 885; x_wconf 85' lang='lat' dir='ltr'>et</span> <span class='ocrx_word' id='word_1_85' title='bbox 465 845 533 885; x_wconf 85' lang='lat' dir='ltr'>multa</span> <span class='ocrx_word' id='word_1_86' title='bbox 539 854 661 895; x_wconf 80' lang='lat' dir='ltr'>supersunt,</span> 
     </span>
     <span class='ocr_line' id='line_1_14' title="bbox 129 897 683 948; baseline 0.002 -12"><span class='ocrx_word' id='word_1_87' title='bbox 129 897 157 936; x_wconf 87' lang='lat' dir='ltr'>Et</span> <span class='ocrx_word' id='word_1_88' title='bbox 165 899 275 937; x_wconf 89' lang='lat' dir='ltr'>dominum</span> <span class='ocrx_word' id='word_1_89' title='bbox 283 897 367 942; x_wconf 83' lang='lat' dir='ltr'>fallunt,</span> <span class='ocrx_word' id='word_1_90' title='bbox 377 905 399 935; x_wconf 92' lang='lat' dir='ltr'>et</span> <span class='ocrx_word' id='word_1_91' title='bbox 406 901 495 946; x_wconf 84' lang='lat' dir='ltr'>prosunt</span> <span class='ocrx_word' id='word_1_92' title='bbox 502 897 591 936; x_wconf 82' lang='lat' dir='ltr'>iuribus.</span> <span class='ocrx_word' id='word_1_93' title='bbox 620 899 683 948; x_wconf 76' lang='lat' dir='ltr'>Ergo,</span> 
     </span>
     <span class='ocr_line' id='line_1_15' title="bbox 129 948 626 997; baseline 0.002 -11"><span class='ocrx_word' id='word_1_94' title='bbox 129 948 151 986; x_wconf 81' lang='lat' dir='ltr'>Si</span> <span class='ocrx_word' id='word_1_95' title='bbox 159 960 193 988; x_wconf 86' lang='lat' dir='ltr'>res</span> <span class='ocrx_word' id='word_1_96' title='bbox 201 949 246 988; x_wconf 90' lang='lat' dir='ltr'>sola</span> <span class='ocrx_word' id='word_1_97' title='bbox 255 952 324 997; x_wconf 79' lang='lat' dir='ltr'>potest</span> <span class='ocrx_word' id='word_1_98' title='bbox 331 948 401 986; x_wconf 84' lang='lat' dir='ltr'>iacere</span> <span class='ocrx_word' id='word_1_99' title='bbox 409 953 432 986; x_wconf 91' lang='lat' dir='ltr'>et</span> <span class='ocrx_word' id='word_1_100' title='bbox 439 957 522 986; x_wconf 87' lang='lat' dir='ltr'>servare</span> <span class='ocrx_word' id='word_1_101' title='bbox 531 948 626 994; x_wconf 86' lang='lat' dir='ltr'>beatum,</span> 
     </span>
     <span class='ocr_line' id='line_1_16' title="bbox 128 997 702 1049; baseline 0.003 -11"><span class='ocrx_word' id='word_1_102' title='bbox 128 998 175 1038; x_wconf 84' lang='lat' dir='ltr'>Hoc</span> <span class='ocrx_word' id='word_1_103' title='bbox 182 1000 263 1049; x_wconf 88' lang='lat' dir='ltr'>primus</span> <span class='ocrx_word' id='word_1_104' title='bbox 271 1002 354 1047; x_wconf 78' lang='lat' dir='ltr'>repetas</span> <span class='ocrx_word' id='word_1_105' title='bbox 362 1009 421 1046; x_wconf 92' lang='lat' dir='ltr'>opus,</span> <span class='ocrx_word' id='word_1_106' title='bbox 430 997 471 1036; x_wconf 92' lang='lat' dir='ltr'>hoc</span> <span class='ocrx_word' id='word_1_107' title='bbox 481 1002 600 1046; x_wconf 89' lang='lat' dir='ltr'>postremus</span> <span class='ocrx_word' id='word_1_108' title='bbox 609 999 702 1040; x_wconf 83' lang='lat' dir='ltr'>omittas</span> 
     </span>
     <span class='ocr_line' id='line_1_17' title="bbox 129 1049 591 1098; baseline -0.004 -10"><span class='ocrx_word' id='word_1_109' title='bbox 129 1050 151 1088; x_wconf 87' lang='lat' dir='ltr'>si</span> <span class='ocrx_word' id='word_1_110' title='bbox 159 1050 291 1089; x_wconf 82' lang='lat' dir='ltr'>fortunatum</span> <span class='ocrx_word' id='word_1_111' title='bbox 299 1050 379 1098; x_wconf 86' lang='lat' dir='ltr'>species</span> <span class='ocrx_word' id='word_1_112' title='bbox 389 1054 411 1086; x_wconf 88' lang='lat' dir='ltr'>et</span> <span class='ocrx_word' id='word_1_113' title='bbox 417 1049 486 1096; x_wconf 81' lang='lat' dir='ltr'>gratia</span> <span class='ocrx_word' id='word_1_114' title='bbox 493 1054 591 1097; x_wconf 80' lang='lat' dir='ltr'>praestat;</span> 
     </span>
     <span class='ocr_line' id='line_1_18' title="bbox 129 1098 727 1147; baseline 0.002 -8"><span class='ocrx_word' id='word_1_115' title='bbox 129 1098 248 1139; x_wconf 87' lang='lat' dir='ltr'>Mercemur</span> <span class='ocrx_word' id='word_1_116' title='bbox 256 1111 345 1145; x_wconf 81' lang='lat' dir='ltr'>servum,</span> <span class='ocrx_word' id='word_1_117' title='bbox 355 1099 392 1147; x_wconf 87' lang='lat' dir='ltr'>qul</span> <span class='ocrx_word' id='word_1_118' title='bbox 400 1099 466 1137; x_wconf 86' lang='lat' dir='ltr'>dictet</span> <span class='ocrx_word' id='word_1_119' title='bbox 472 1099 565 1144; x_wconf 90' lang='lat' dir='ltr'>nomina,</span> <span class='ocrx_word' id='word_1_120' title='bbox 575 1099 655 1138; x_wconf 73' lang='lat' dir='ltr'>laevum</span> <span class='ocrx_word' id='word_1_121' title='bbox 703 1103 727 1140; x_wconf 74' lang='lat'>5⁰</span> 
     </span>
     <span class='ocr_line' id='line_1_19' title="bbox 84 1151 703 1238; baseline -0.003 -47"><span class='ocrx_word' id='word_1_122' title='bbox 84 1178 101 1221; x_wconf 52' lang='grc' dir='ltr'>ζ,</span> <span class='ocrx_word' id='word_1_123' title='bbox 128 1151 171 1191; x_wconf 79' lang='lat' dir='ltr'>Qui</span> <span class='ocrx_word' id='word_1_124' title='bbox 179 1151 258 1210; x_wconf 72' lang='lat' dir='ltr'>lodices</span> <span class='ocrx_word' id='word_1_125' title='bbox 265 1151 327 1209; x_wconf 84' lang='lat' dir='ltr'>latus,</span> <span class='ocrx_word' id='word_1_126' title='bbox 334 1154 358 1238; x_wconf 46' lang='grc' dir='ltr'>ᾗ</span> <span class='ocrx_word' id='word_1_127' title='bbox 366 1153 427 1208; x_wconf 76' lang='lat' dir='ltr'>cogat</span> <span class='ocrx_word' id='word_1_128' title='bbox 435 1155 496 1237; x_wconf 59' lang='lat' dir='ltr'>tlrm·</span> <span class='ocrx_word' id='word_1_129' title='bbox 501 1151 703 1237; x_wconf 48' lang='lat' dir='ltr'>porgderalillertram</span> 
     </span>
     <span class='ocr_line' id='line_1_20' title="bbox 88 1200 769 1300; baseline 0 -11"><span class='ocrx_word' id='word_1_130' title='bbox 88 1200 725 1300; x_wconf 45' lang='lat' dir='ltr'>c{rireeircadluuusrservia</span> <span class='ocrx_word' id='word_1_131' title='bbox 768 1238 769 1267; x_wconf 56' lang='grc' dir='ltr'><strong>ι</strong></span> 
     </span>
     <span class='ocr_line' id='line_1_21' title="bbox 100 1301 703 1351; baseline 0.005 -11"><span class='ocrx_word' id='word_1_132' title='bbox 100 1327 112 1347; x_wconf 75' lang='lat' dir='ltr'>r</span> <span class='ocrx_word' id='word_1_133' title='bbox 128 1303 167 1340; x_wconf 82' lang='lat' dir='ltr'>Cui</span> <span class='ocrx_word' id='word_1_134' title='bbox 175 1302 237 1347; x_wconf 89' lang='lat' dir='ltr'>volet,</span> <span class='ocrx_word' id='word_1_135' title='bbox 246 1303 380 1351; x_wconf 85' lang='lat' dir='ltr'>importunus</span> <span class='ocrx_word' id='word_1_136' title='bbox 388 1302 452 1339; x_wconf 90' lang='lat' dir='ltr'>ebur:</span> <span class='ocrx_word' id='word_1_137' title='bbox 468 1302 545 1346; x_wconf 69' lang='lat' dir='ltr'>irater,</span> <span class='ocrx_word' id='word_1_138' title='bbox 557 1301 626 1347; x_wconf 76' lang='lat' dir='ltr'>Pater,</span> <span class='ocrx_word' id='word_1_139' title='bbox 636 1304 703 1349; x_wconf 80' lang='lat' dir='ltr'>adde;</span> 
     </span>
     <span class='ocr_line' id='line_1_22' title="bbox 128 1352 685 1403; baseline 0.004 -13"><span class='ocrx_word' id='word_1_140' title='bbox 128 1352 158 1390; x_wconf 89' lang='lat' dir='ltr'>Ut</span> <span class='ocrx_word' id='word_1_141' title='bbox 165 1353 241 1401; x_wconf 88' lang='lat' dir='ltr'>cuique</span> <span class='ocrx_word' id='word_1_142' title='bbox 250 1358 282 1391; x_wconf 90' lang='lat' dir='ltr'>est</span> <span class='ocrx_word' id='word_1_143' title='bbox 290 1358 347 1397; x_wconf 78' lang='lat' dir='ltr'>setas,</span> <span class='ocrx_word' id='word_1_144' title='bbox 357 1353 387 1389; x_wconf 88' lang='lat' dir='ltr'>ita</span> <span class='ocrx_word' id='word_1_145' title='bbox 394 1362 501 1399; x_wconf 83' lang='lat' dir='ltr'>quemque</span> <span class='ocrx_word' id='word_1_146' title='bbox 509 1352 590 1390; x_wconf 79' lang='lat' dir='ltr'>facetus</span> <span class='ocrx_word' id='word_1_147' title='bbox 598 1354 685 1403; x_wconf 72' lang='lat' dir='ltr'>adopta</span> 
     </span>
     <span class='ocr_line' id='line_1_23' title="bbox 128 1402 642 1450; baseline 0 -9"><span class='ocrx_word' id='word_1_148' title='bbox 128 1403 157 1450; x_wconf 85' lang='lat' dir='ltr'>si,</span> <span class='ocrx_word' id='word_1_149' title='bbox 166 1404 220 1442; x_wconf 88' lang='lat' dir='ltr'>bene</span> <span class='ocrx_word' id='word_1_150' title='bbox 227 1404 264 1450; x_wconf 89' lang='lat' dir='ltr'>qui</span> <span class='ocrx_word' id='word_1_151' title='bbox 272 1409 349 1448; x_wconf 85' lang='lat' dir='ltr'>coenat,</span> <span class='ocrx_word' id='word_1_152' title='bbox 358 1403 412 1440; x_wconf 85' lang='lat' dir='ltr'>bene</span> <span class='ocrx_word' id='word_1_153' title='bbox 420 1402 478 1447; x_wconf 80' lang='lat' dir='ltr'>vivit,</span> <span class='ocrx_word' id='word_1_154' title='bbox 487 1402 553 1445; x_wconf 48' lang='lat' dir='ltr'>lucete</span> <span class='ocrx_word' id='word_1_155' title='bbox 559 1413 642 1450; x_wconf 84' lang='lat' dir='ltr'>eamus,</span> 
     </span>
     <span class='ocr_line' id='line_1_24' title="bbox 129 1454 667 1502; baseline 0.004 -10"><span class='ocrx_word' id='word_1_156' title='bbox 129 1455 177 1499; x_wconf 81' lang='lat' dir='ltr'>Quo</span> <span class='ocrx_word' id='word_1_157' title='bbox 186 1454 245 1492; x_wconf 85' lang='lat' dir='ltr'>ducit</span> <span class='ocrx_word' id='word_1_158' title='bbox 252 1454 315 1502; x_wconf 78' lang='lat' dir='ltr'>gula:</span> <span class='ocrx_word' id='word_1_159' title='bbox 329 1454 441 1502; x_wconf 86' lang='lat' dir='ltr'>piscemur,</span> <span class='ocrx_word' id='word_1_160' title='bbox 450 1463 564 1497; x_wconf 63' lang='lat' dir='ltr'>recemum</span> <span class='ocrx_word' id='word_1_161' title='bbox 581 1458 606 1491; x_wconf 92' lang='lat' dir='ltr'>ut</span> <span class='ocrx_word' id='word_1_162' title='bbox 614 1454 667 1494; x_wconf 87' lang='lat' dir='ltr'>olim</span> 
     </span>
     <span class='ocr_line' id='line_1_25' title="bbox 128 1503 639 1552; baseline 0.002 -10"><span class='ocrx_word' id='word_1_163' title='bbox 128 1504 239 1552; x_wconf 78' lang='lat' dir='ltr'>Gargilius,</span> <span class='ocrx_word' id='word_1_164' title='bbox 249 1505 286 1552; x_wconf 90' lang='lat' dir='ltr'>qui</span> <span class='ocrx_word' id='word_1_165' title='bbox 294 1515 357 1542; x_wconf 85' lang='lat' dir='ltr'>mane</span> <span class='ocrx_word' id='word_1_166' title='bbox 365 1503 443 1552; x_wconf 79' lang='lat' dir='ltr'>plagas,</span> <span class='ocrx_word' id='word_1_167' title='bbox 453 1503 559 1541; x_wconf 82' lang='lat' dir='ltr'>venabula</span> <span class='ocrx_word' id='word_1_168' title='bbox 567 1514 639 1543; x_wconf 89' lang='lat' dir='ltr'>servos</span> 
     </span>
     <span class='ocr_line' id='line_1_26' title="bbox 128 1552 676 1602; baseline 0.002 -9"><span class='ocrx_word' id='word_1_169' title='bbox 128 1553 240 1593; x_wconf 84' lang='lat' dir='ltr'>Differtum</span> <span class='ocrx_word' id='word_1_170' title='bbox 248 1555 337 1592; x_wconf 89' lang='lat' dir='ltr'>transire</span> <span class='ocrx_word' id='word_1_171' title='bbox 345 1554 414 1592; x_wconf 83' lang='lat' dir='ltr'>forum</span> <span class='ocrx_word' id='word_1_172' title='bbox 422 1552 568 1602; x_wconf 86' lang='lat' dir='ltr'>populumque</span> <span class='ocrx_word' id='word_1_173' title='bbox 578 1555 676 1602; x_wconf 82' lang='lat' dir='ltr'>jubebat,</span> 
     </span>
     <span class='ocr_line' id='line_1_27' title="bbox 128 1603 726 1653; baseline 0.003 -10"><span class='ocrx_word' id='word_1_174' title='bbox 128 1604 188 1644; x_wconf 90' lang='lat' dir='ltr'>Unus</span> <span class='ocrx_word' id='word_1_175' title='bbox 196 1610 240 1644; x_wconf 90' lang='lat' dir='ltr'>ute</span> <span class='ocrx_word' id='word_1_176' title='bbox 248 1605 321 1644; x_wconf 86' lang='lat' dir='ltr'>multis</span> <span class='ocrx_word' id='word_1_177' title='bbox 327 1603 406 1653; x_wconf 90' lang='lat' dir='ltr'>populo</span> <span class='ocrx_word' id='word_1_178' title='bbox 413 1608 522 1652; x_wconf 85' lang='lat' dir='ltr'>spectante</span> <span class='ocrx_word' id='word_1_179' title='bbox 530 1604 619 1643; x_wconf 77' lang='lat' dir='ltr'>referret</span> <span class='ocrx_word' id='word_1_180' title='bbox 702 1609 726 1645; x_wconf 84' lang='lat'>6⁰</span> 
     </span>
     <span class='ocr_line' id='line_1_28' title="bbox 128 1655 714 1704; baseline 0.002 -9"><span class='ocrx_word' id='word_1_181' title='bbox 128 1656 216 1695; x_wconf 85' lang='lat' dir='ltr'>Emtum</span> <span class='ocrx_word' id='word_1_182' title='bbox 223 1655 293 1694; x_wconf 90' lang='lat' dir='ltr'>mulus</span> <span class='ocrx_word' id='word_1_183' title='bbox 302 1666 384 1704; x_wconf 88' lang='lat' dir='ltr'>aprum.</span> <span class='ocrx_word' id='word_1_184' title='bbox 411 1655 475 1692; x_wconf 90' lang='lat' dir='ltr'>Crudi</span> <span class='ocrx_word' id='word_1_185' title='bbox 483 1655 603 1704; x_wconf 83' lang='lat' dir='ltr'>tumidique</span> <span class='ocrx_word' id='word_1_186' title='bbox 612 1655 714 1704; x_wconf 80' lang='lat' dir='ltr'>lavemur,</span> 
     </span>
     <span class='ocr_line' id='line_1_29' title="bbox 127 1704 626 1754; baseline -0.004 -9"><span class='ocrx_word' id='word_1_187' title='bbox 127 1706 184 1752; x_wconf 83' lang='lat' dir='ltr'>Quid</span> <span class='ocrx_word' id='word_1_188' title='bbox 192 1707 271 1751; x_wconf 83' lang='lat' dir='ltr'>deceat.</span> <span class='ocrx_word' id='word_1_189' title='bbox 282 1707 333 1754; x_wconf 91' lang='lat' dir='ltr'>quid</span> <span class='ocrx_word' id='word_1_190' title='bbox 343 1716 393 1750; x_wconf 89' lang='lat' dir='ltr'>non,</span> <span class='ocrx_word' id='word_1_191' title='bbox 403 1704 470 1748; x_wconf 87' lang='lat' dir='ltr'>obliti,</span> <span class='ocrx_word' id='word_1_192' title='bbox 481 1704 556 1743; x_wconf 84' lang='lat' dir='ltr'>Caerite</span> <span class='ocrx_word' id='word_1_193' title='bbox 564 1710 626 1744; x_wconf 88' lang='lat' dir='ltr'>cera¹</span> 
     </span>
     <span class='ocr_line' id='line_1_30' title="bbox 128 1755 654 1805; baseline 0.002 -11"><span class='ocrx_word' id='word_1_194' title='bbox 128 1757 198 1805; x_wconf 81' lang='lat' dir='ltr'>Digni,</span> <span class='ocrx_word' id='word_1_195' title='bbox 209 1757 321 1804; x_wconf 77' lang='lat' dir='ltr'>remigium</span> <span class='ocrx_word' id='word_1_196' title='bbox 328 1756 427 1794; x_wconf 83' lang='lat' dir='ltr'>vitiosum</span> <span class='ocrx_word' id='word_1_197' title='bbox 436 1755 554 1794; x_wconf 85' lang='lat' dir='ltr'>Ithacensis</span> <span class='ocrx_word' id='word_1_198' title='bbox 563 1755 654 1805; x_wconf 83' lang='lat' dir='ltr'>Ulyssei,</span> 
     </span>
     <span class='ocr_line' id='line_1_31' title="bbox 128 1805 600 1856; baseline -0.004 -10"><span class='ocrx_word' id='word_1_199' title='bbox 128 1807 167 1846; x_wconf 85' lang='lat' dir='ltr'>Cui</span> <span class='ocrx_word' id='word_1_200' title='bbox 174 1808 243 1856; x_wconf 90' lang='lat' dir='ltr'>potior</span> <span class='ocrx_word' id='word_1_201' title='bbox 251 1807 319 1856; x_wconf 79' lang='lat' dir='ltr'>patria</span> <span class='ocrx_word' id='word_1_202' title='bbox 326 1805 368 1844; x_wconf 82' lang='lat' dir='ltr'>fuit</span> <span class='ocrx_word' id='word_1_203' title='bbox 374 1806 488 1845; x_wconf 78' lang='lat' dir='ltr'>interdicta</span> <span class='ocrx_word' id='word_1_204' title='bbox 495 1806 600 1854; x_wconf 87' lang='lat' dir='ltr'>voluptas.</span> 
     </span>
     <span class='ocr_line' id='line_1_32' title="bbox 127 1857 672 1906; baseline 0.004 -11"><span class='ocrx_word' id='word_1_205' title='bbox 127 1858 156 1902; x_wconf 84' lang='lat' dir='ltr'>Si,</span> <span class='ocrx_word' id='word_1_206' title='bbox 167 1857 306 1896; x_wconf 85' lang='lat' dir='ltr'>Mimnermus</span> <span class='ocrx_word' id='word_1_207' title='bbox 315 1858 346 1896; x_wconf 90' lang='lat' dir='ltr'>uti</span> <span class='ocrx_word' id='word_1_208' title='bbox 354 1861 432 1901; x_wconf 86' lang='lat' dir='ltr'>censet,</span> <span class='ocrx_word' id='word_1_209' title='bbox 442 1857 487 1894; x_wconf 86' lang='lat' dir='ltr'>sine</span> <span class='ocrx_word' id='word_1_210' title='bbox 497 1858 672 1906; x_wconf 58' lang='lat' dir='ltr'>amoreiocisqus</span> 
     </span>
     <span class='ocr_line' id='line_1_33' title="bbox 128 1907 639 1957; baseline 0 -11"><span class='ocrx_word' id='word_1_211' title='bbox 128 1907 164 1946; x_wconf 83' lang='lat' dir='ltr'>Nil</span> <span class='ocrx_word' id='word_1_212' title='bbox 170 1913 203 1946; x_wconf 90' lang='lat' dir='ltr'>est</span> <span class='ocrx_word' id='word_1_213' title='bbox 207 1909 339 1956; x_wconf 66' lang='lat' dir='ltr'>jucundum</span> <span class='ocrx_word' id='word_1_214' title='bbox 353 1907 413 1946; x_wconf 85' lang='lat' dir='ltr'>vivas</span> <span class='ocrx_word' id='word_1_215' title='bbox 422 1907 445 1945; x_wconf 87' lang='lat' dir='ltr'>iu</span> <span class='ocrx_word' id='word_1_216' title='bbox 454 1918 525 1946; x_wconf 88' lang='lat' dir='ltr'>amore</span> <span class='ocrx_word' id='word_1_217' title='bbox 534 1907 639 1957; x_wconf 79' lang='lat' dir='ltr'>jocisque.</span> 
     </span>
     <span class='ocr_line' id='line_1_34' title="bbox 127 1957 579 2006; baseline 0 -11"><span class='ocrx_word' id='word_1_218' title='bbox 127 1957 186 2004; x_wconf 84' lang='lat' dir='ltr'>Vive,</span> <span class='ocrx_word' id='word_1_219' title='bbox 195 1958 243 1996; x_wconf 84' lang='lat' dir='ltr'>vale</span> <span class='ocrx_word' id='word_1_220' title='bbox 251 1970 256 1995; x_wconf 75' lang='grc' dir='ltr'><strong><em>ε</em></strong></span> <span class='ocrx_word' id='word_1_221' title='bbox 268 1959 286 1995; x_wconf 87' lang='lat' dir='ltr'>si</span> <span class='ocrx_word' id='word_1_222' title='bbox 294 1958 346 2006; x_wconf 81' lang='lat' dir='ltr'>quid</span> <span class='ocrx_word' id='word_1_223' title='bbox 354 1958 431 1996; x_wconf 85' lang='lat' dir='ltr'>novisti</span> <span class='ocrx_word' id='word_1_224' title='bbox 439 1958 518 1996; x_wconf 82' lang='lat' dir='ltr'>rectius</span> <span class='ocrx_word' id='word_1_225' title='bbox 526 1958 579 2003; x_wconf 83' lang='lat' dir='ltr'>istis,</span> 
     </span>
     <span class='ocr_line' id='line_1_35' title="bbox 127 2007 638 2058; baseline 0.002 -12"><span class='ocrx_word' id='word_1_226' title='bbox 127 2008 234 2048; x_wconf 84' lang='lat' dir='ltr'>Candidus</span> <span class='ocrx_word' id='word_1_227' title='bbox 241 2008 335 2058; x_wconf 84' lang='lat' dir='ltr'>imperti;</span> <span class='ocrx_word' id='word_1_228' title='bbox 351 2008 426 2055; x_wconf 85' lang='lat' dir='ltr'>sinon,</span> <span class='ocrx_word' id='word_1_229' title='bbox 436 2007 470 2046; x_wconf 89' lang='lat' dir='ltr'>his</span> <span class='ocrx_word' id='word_1_230' title='bbox 478 2010 539 2053; x_wconf 77' lang='lat' dir='ltr'>utere</span> <span class='ocrx_word' id='word_1_231' title='bbox 544 2019 638 2049; x_wconf 87' lang='lat' dir='ltr'>mecum.</span> 
     </span>
    </p>
   </div>
   <div class='ocr_carea' id='block_1_3' title="bbox 85 2120 166 2151">
    <p class='ocr_par' dir='ltr' id='par_1_3' title="bbox 85 2120 166 2151">
     <span class='ocr_line' id='line_1_36' title="bbox 85 2120 166 2151; baseline 0 -8"><span class='ocrx_word' id='word_1_232' title='bbox 85 2120 93 2151; x_wconf 64' lang='grc' dir='ltr'><em>Ι</em></span> <span class='ocrx_word' id='word_1_233' title='bbox 162 2132 166 2143; x_wconf 67' lang='grc' dir='ltr'><strong>ι</strong></span> 
     </span>
    </p>
   </div>
   <div class='ocr_carea' id='block_1_4' title="bbox 0 0 786 2568">
    <p class='ocr_par' dir='ltr' id='par_1_4' title="bbox 0 0 786 2568">
     <span class='ocr_line' id='line_1_37' title="bbox 0 0 786 2568; baseline 0 0"><span class='ocrx_word' id='word_1_234' title='bbox 0 0 786 2568; x_wconf 95' lang='lat' dir='ltr'> </span> 
     </span>
    </p>
   </div>
  </div>
 </body>
</html>
