1562 2568
214 187 420 227 EPISTOLARUM
432 188 487 227 LlB.
498 190 528 229 ΙΙ.
629 194 666 230 215

57 303 166 342 Coelestes
174 302 273 351 implorat
280 313 346 352 aquas
355 304 418 342 docta
425 314 486 353 prece
495 302 600 349 blandus;

57 354 148 392 Avertit
155 354 246 398 morbos,
256 355 371 393 metuenda
378 354 473 403 pericula
481 354 552 404 pellit:

60 404 172 452 Impetrat
180 409 202 442 et
208 415 283 453 pacem
292 408 315 444 et
326 405 454 454 locupletem
461 405 557 454 frugibus
571 416 664 452 annum

58 455 163 493 Carmine
173 454 201 493 Di
210 456 280 503 superi
288 455 406 504 placantur,
416 457 509 495 carmine
518 456 600 495 Manes.

59 505 170 553 Agricolae
178 505 247 554 prisci,
257 506 322 545 fortes
329 518 436 556 parvoque
444 508 508 548 beati.

59 555 154 594 Condita
162 559 210 605 poet
221 556 333 602 frumenta,
342 557 437 597 levantes
446 562 539 607 ternpore
547 557 601 597 festo
628 559 664 596 140

59 606 143 655 Corpus
153 610 175 644 et
183 608 252 655 ipsum
261 608 357 645 animum
365 619 401 656 spe
409 609 457 647 linis
466 609 519 647 dura
527 608 637 654 ferentem,

2 682 4 695 ,
59 656 116 695 Cum
126 656 189 695 sociis
199 667 292 706 operum,
302 658 373 706 pueris
381 662 403 696 et
411 659 499 707 conjuge
507 659 556 706 fida,

59 706 172 746 Tellurem
180 719 250 756 porco,
259 708 368 747 Silvanum
376 708 433 747 lacte
442 710 536 757 piabant,
653 712 686 803 R

59 756 161 796 Floribus
169 763 191 796 et
198 758 248 796 vino
257 758 355 803 Genium,
364 769 479 797 memorem
487 760 556 799 brevis
564 762 612 799 aevi.

59 806 196 846 Fescennina
205 819 243 857 per
250 807 308 847 hunc
315 809 399 847 invecta
410 809 497 848 licentia
506 821 587 850 morem

59 856 165 897 Versibus
172 858 259 898 alteruis
268 859 380 908 opprobria
388 860 468 898 metica
478 859 541 906 didit,

2 926 3 931 =
59 907 200 958 Libertasque
208 914 340 948 recurrentes
348 914 435 958 accepta
443 921 481 958 per
488 921 556 949 annos

59 957 123 997 Lusit
131 959 251 998 amabiliter
258 972 263 1004 ;
277 960 345 998 donec
352 960 398 1007 jam
405 970 475 999 saevus
483 965 578 1009 apertam

61 1008 87 1047 ln
96 1009 179 1048 rabiem
187 1011 239 1049 verti
248 1011 385 1059 coepitjocus,
396 1015 418 1048 et
424 1021 463 1060 per
470 1010 570 1051 honestas

2 1087 3 1098 i
60 1059 95 1097 Ire
105 1061 178 1098 domos
186 1061 273 1110 impune
281 1062 362 1100 minax.
389 1061 480 1100 Doluere
489 1067 576 1101 cruento
625 1065 661 1102 15⁰

62 1110 132 1148 Dente
141 1111 235 1150 lacessiti
243 1124 247 1155 ;
262 1110 304 1149 fuit
312 1111 397 1150 intactis
405 1123 489 1160 quoque
498 1122 548 1150 cura

2 1171 3 1186 ¹
60 1160 186 1199 conditione
195 1172 259 1210 super
267 1162 387 1200 communi:
403 1163 455 1211 quin
463 1162 528 1201 etiam
536 1161 572 1202 lex

60 1210 170 1259 Poenaque
178 1212 228 1257 latu,
236 1211 293 1250 malo
301 1223 349 1261 quae
358 1211 425 1251 nollet
430 1213 523 1252 carmine
530 1224 659 1264 quemquam

61 1261 163 1300 Describi.
191 1262 276 1302 Vertere
284 1264 379 1310 modum,
388 1263 501 1303 formidine
510 1264 572 1304 fustis

61 1311 95 1350 Ad
103 1313 156 1351 bene
165 1313 280 1363 dicendum
288 1314 479 1364 delectandumque
488 1316 575 1353 redacti.

61 1363 143 1401 Graecia
151 1367 213 1412 cepta
220 1364 289 1402 ferum
297 1366 398 1404 victorem
406 1366 467 1416 cepit,
477 1370 499 1404 et
507 1370 562 1405 artes

61 1412 138 1452 Intulit
145 1415 221 1462 agresti
231 1414 297 1453 Latio.
325 1417 359 1454 Sic
366 1415 464 1456 horridus
472 1415 509 1455 ille

61 1463 155 1503 Deduxit
163 1475 264 1504 numerus
274 1466 391 1511 Saturnius,
405 1471 428 1506 et
434 1478 496 1515 greve
504 1466 562 1506 virus

61 1514 173 1553 Munditie
181 1515 291 1564 pepulere;
306 1518 343 1555 sed
351 1517 374 1555 in
381 1517 468 1565 longum
476 1521 549 1557 tamen
557 1528 628 1557 aevum

61 1564 563 1625 Manseruntbodiequemanentvestigiaruris:
622 1569 658 1606 16⁰

61 1614 122 1654 Serus
130 1617 187 1654 enim
197 1616 276 1654 Graecrs
284 1617 378 1655 admovit
390 1619 489 1656 acumina
496 1618 581 1664 chartis,

61 1665 88 1704 Et
95 1670 142 1715 post
150 1665 231 1704 Punica
238 1665 295 1704 bella
303 1667 387 1715 quietus
395 1678 489 1716 quaerere
497 1668 568 1716 coepit,

61 1716 116 1762 Quid
123 1715 354 1765 Sophocleset'l'hespis
363 1717 501 1766 etAEschylus
509 1717 562 1756 utile
567 1717 654 1757 ferrent.

61 1767 158 1807 Tentsvit
164 1776 249 1814 quoque
257 1777 308 1810 rem,
318 1768 336 1805 sl
344 1767 406 1815 digne
415 1772 496 1806 vertere
504 1772 586 1816 possem

60 1816 89 1857 lit
95 1816 174 1865 placuit
181 1815 229 1860 sibi,
238 1821 314 1855 natura
323 1817 420 1856 sublimis
428 1822 450 1855 et
458 1828 517 1862 acen

3 1870 4 1883 ¹
60 1867 115 1907 llam
123 1868 187 1915 spiret
196 1866 298 1914 tragicum
306 1868 363 1912 setis,
373 1873 395 1906 et
402 1867 492 1907 feliciter
499 1867 575 1913 audem

61 1916 101 1957 Sed
109 1923 190 1966 turpem
198 1920 260 1965 putet
269 1918 344 1956 inscite
352 1919 470 1966 metuitque
478 1919 571 1958 lituram.
614 1898 644 1987 ἦ,
654 1906 675 1985 ἱ

4 2002 6 2005 ,
61 1966 159 2011 Creditur.
170 1978 197 2005 ex
205 1968 275 2006 medio
282 1969 333 2016 quia
341 1980 374 2008 res
382 1969 475 2013 arcessit,
485 1970 564 2009 hebere

63 2018 146 2061 Sudorie
153 2018 278 2062 minimum
292 2019 330 2058 sed
338 2018 404 2058 habet
412 2020 521 2059 Comoedia
529 2025 588 2059 tanto

62 2066 111 2109 Plus
119 2069 192 2112 oneris.
198 2074 279 2117 quanto
285 2071 353 2109 venie
362 2071 439 2110 minus.
462 2070 559 2119 Adspice,
566 2071 654 2111 Plautus

113 2125 173 2168 pacto
181 2124 251 2169 partes
260 2125 340 2160 tutetur
348 2122 439 2161 amantis
446 2121 535 2171 ephebi!
618 2124 651 2162 171

97 2171 158 2223 petris
166 2171 249 2216 attenti,
258 2171 341 2212 lenonis
348 2178 373 2211 ut
381 2172 486 2211 insidiosi!

61 2216 155 2268 &arms
161 2223 189 2261 sit
198 2221 320 2263 Dossennus
328 2224 429 2265 edacibus
437 2223 460 2262 in
469 2223 577 2273 parasitis!
