1520 2572
200 708 418 790 EPODON
454 701 633 778 LIBER.

319 932 529 945 Μ

376 1075 434 1114 ODE
448 1073 465 1112 l.

313 1181 347 1219 Au
361 1179 528 1218 Mucuusssu.

173 1262 223 1300 Isls
233 1254 331 1297 Liburnis
338 1255 394 1292 inter
402 1251 446 1289 alta
454 1249 547 1293 navium,

224 1308 303 1352 Amice,
312 1301 477 1354 propugnacula,

175 1363 262 1400 Paratus
270 1367 332 1396 omne
341 1353 429 1393 Caesaris
436 1348 554 1400 periculum

224 1409 305 1453 subire,
316 1406 428 1448 Maecenas,
439 1401 488 1440 tuo?

176 1460 232 1509 Quid
240 1459 291 1498 nos?
308 1457 391 1506 quibus,
401 1458 428 1498 ee,
439 1452 488 1496 vita,
498 1451 515 1488 si
527 1447 647 1498 superstite,

227 1509 332 1552 Jueunds,
341 1506 359 1545 si
367 1508 446 1548 contra,
456 1501 538 1550 gravis?

177 1562 281 1602 Utrumne
286 1558 340 1607 jussi
348 1562 499 1606 persequemur
506 1550 581 1594 otium,

229 1611 277 1649 Non
285 1608 354 1650 dulce.
364 1607 386 1645 ni
395 1610 467 1643 tecum
476 1600 552 1641 simul?

180 1665 214 1703 An
221 1663 279 1701 hune
287 1660 382 1698 laborem
390 1658 461 1694 mente
469 1651 540 1695 laturi,
550 1651 612 1688 decet

228 1713 276 1759 Qua
283 1711 338 1749 ferre
346 1719 389 1746 non
396 1704 472 1745 molles
479 1701 547 1741 viros?

179 1765 292 1806 Feremuu
307 1764 328 1798 et
336 1763 358 1797 te
366 1756 400 1796 vel
410 1767 448 1805 per
457 1752 543 1801 Alpium
552 1752 611 1799 juga,

229 1809 381 1860 1nh0spitalem
389 1811 411 1845 et
419 1807 544 1846 Caucasum,

180 1864 220 1903 Vel
228 1860 343 1902 occidentis
351 1868 418 1906 usque
427 1856 455 1894 sd
462 1853 564 1892 ultimum
572 1851 651 1897 sinum,

231 1912 288 1952 Furti
296 1919 409 1959 sequemur
416 1910 508 1956 pectore.

182 1966 257 2013 Reges.
266 1966 328 2000 tuum
335 1959 408 1997 labore
416 1957 468 2005 quid
473 1956 547 2003 juvem
555 1963 610 1997 meo,

232 2011 334 2055 Imbellis,
343 2021 368 2048 ac
375 2009 448 2047 finnus
456 2005 546 2055 parum?

183 2066 257 2104 eomes
265 2062 346 2100 minore
354 2070 402 2099 sum
410 2058 494 2096 futurus
502 2055 524 2093 in
534 2058 600 2100 metu,

232 2114 274 2159 Qui
282 2113 349 2160 major
358 2111 454 2148 absentes
462 2106 538 2144 habet:
549 2133 554 2150 ,

183 2165 212 2203 Ut
220 2163 313 2202 assidens
322 2159 460 2209 implumibus
469 2155 533 2205 pullis
541 2156 586 2194 svis

232 2212 365 2261 Serpentium
374 2209 467 2257 allapsus
475 2206 536 2244 timet
