1520 2572
249 660 568 735 SATIRARUM.

329 816 436 864 LIBER
452 817 486 863 ΙΙ.

305 997 508 1007 ——-

339 1127 444 1166 sauma
457 1127 474 1166 1.

110 1226 177 1271 Suus,
187 1227 263 1275 quibus
272 1227 294 1265 in
304 1227 372 1266 Satira
380 1228 452 1267 videor
461 1227 524 1266 nimis
531 1237 586 1272 acer,
596 1231 619 1266 et
627 1227 691 1272 ultra,

111 1276 187 1325 Legem
194 1278 279 1316 tendere
286 1289 351 1327 opus:
363 1279 408 1316 sine
417 1278 486 1317 nervis
494 1277 567 1323 altere,
577 1279 684 1327 quidquid

111 1327 229 1376 Compsam,
241 1339 289 1376 pars
298 1340 342 1367 csse
351 1333 424 1377 putat;
439 1328 560 1376 similesque
568 1339 668 1368 meorum

111 1377 171 1415 Mille
179 1378 213 1415 die
222 1389 294 1417 versus
303 1379 379 1418 deduci
387 1390 454 1428 posse.
480 1378 572 1423 Trebati,

110 1427 166 1487 Quid
182 1428 264 1488 faciam,
282 1430 400 1478 praescribe.
432 1429 538 1475 Quiescas.
572 1428 605 1468 Ne
621 1429 707 1475 faciam,

110 1489 294 1568 omnlirffisuiz’rsusi
321 1530 367 1569 Aio.
394 1530 480 1568 Peream
488 1528 550 1575 male,
560 1529 631 1569 sinon

111 1578 218 1627 Optimum
227 1584 283 1624 erat;
299 1591 373 1619 verum
380 1591 461 1629 nequeo
470 1580 566 1618 donnire.
594 1580 637 1619 Ter
649 1582 709 1620 uncti

109 1628 242 1669 transnanto
250 1630 350 1675 Tiberim,
359 1642 433 1669 somno
442 1631 518 1680 quibus
526 1634 578 1669 esto
594 1641 620 1670 us
630 1632 681 1677 alto,

109 1678 256 1730 irriguumque
265 1691 323 1719 mero
331 1682 370 1721 sub
380 1686 464 1720 noctem
473 1692 547 1729 corpus
555 1680 584 1719 ha
613 1687 659 1721 nto.

109 1728 158 1776 Aut,
168 1731 185 1769 si
194 1735 265 1770 tantus
273 1742 332 1770 amor
340 1732 445 1770 scribendi
454 1736 475 1770 te
483 1731 544 1781 rapit.
554 1732 610 1770 aude
686 1735 708 1772 10

110 1779 197 1820 casaris
202 1782 275 1820 invicti
283 1793 315 1821 res
325 1783 400 1827 dicere,
408 1782 476 1820 multa
484 1780 581 1821 laborum

110 1829 200 1870 Praemia
208 1833 298 1871 laturus.
325 1833 435 1881 cupidum,
445 1838 505 1882 pater
513 1832 599 1881 optime.
608 1833 666 1872 vires

109 1880 215 1921 Deficiunt
223 1895 227 1920 :
243 1894 312 1931 neque
320 1883 377 1921 enim
387 1884 455 1931 quivis
462 1883 571 1922 horrentis
579 1883 629 1932 pilis

108 1930 204 1979 Agmina,
215 1945 254 1972 nec
262 1933 329 1972 stacta
336 1938 448 1982 pereuntes
456 1934 542 1983 cuspide
553 1933 632 1980 Gallos,

109 1981 153 2020 Aut
161 1982 251 2022 labentis
262 1994 316 2031 equo
326 1985 425 2022 describit
434 1984 522 2022 vulnera
531 1983 611 2022 Parthi.

108 2031 208 2070 Attamen
217 2037 239 2071 et
245 2035 327 2080 justum
335 2038 418 2082 poteras
426 2038 448 2073 et
454 2035 544 2073 scribere
552 2034 630 2074 fortem
638 2047 643 2073 :

106 2080 224 2128 Scipiadam
233 2087 257 2120 ut
266 2084 349 2130 sapiens
358 2084 458 2122 Lucilius.
486 2084 552 2123 Haud
558 2084 613 2122 mihi
619 2086 693 2132 deero,

106 2129 176 2173 Quum
184 2141 217 2169 res
226 2132 271 2179 ipsa
282 2132 341 2171 feret
369 2133 415 2172 Nisi
424 2135 498 2172 dextro
507 2139 602 2183 tempore
611 2135 683 2176 Flacci

103 2176 171 2217 Verba
179 2190 217 2227 per
225 2184 328 2221 attentam
337 2193 379 2221 non
393 2184 455 2222 ibunt
463 2185 550 2224 Caesaris
559 2195 643 2232 surem3
