1520 2572
127 192 163 231 104
289 185 314 228 Q.
328 183 453 225 HORATH
465 182 565 222 inieci

177 305 246 351 Nunc,
256 301 403 345 nonencorte,
415 309 473 337 nuno
480 298 504 337 in
511 297 602 338 hostiles
610 299 684 338 domos

252 354 309 392 Irsm
316 356 382 400 stone
390 360 470 389 numen
478 349 560 387 vertite.

177 403 327 446 Formidolosse
335 402 387 440 dum
393 400 462 439 latent
469 399 527 438 silvis
535 399 595 446 ferae,

254 453 317 494 Dulci
325 462 400 501 sopore
408 451 523 499 languine,

178 508 260 552 Senem,
271 503 328 555 quod
335 513 409 542 omues
416 501 506 546 rideant,
515 499 640 539 adulterum

253 557 340 595 Lstrsnt
348 553 465 591 Subursnae
473 561 543 597 onnes,

179 609 252 649 Nordo
259 607 393 657 perunctum,
402 602 465 652 quale
473 612 516 640 non
524 601 641 651 perfectius

253 657 309 696 Meae
317 654 434 693 laborarint
441 662 551 691 monus.-

179 710 236 756 Quid
245 706 334 747 occidit?
350 715 389 744 our
396 703 442 742 dirs
449 703 545 741 barbsrae
554 703 628 742 minus

255 758 342 796 Venena
351 755 434 794 Medsae
441 753 519 799 volent,

180 811 261 852 Quibus
269 807 382 857 superbam
389 804 445 853 fugit
452 804 498 842 uite
505 803 612 853 pellicem,

254 859 278 898 M
305 857 328 896 nl
336 855 430 895 Creontis
438 854 511 899 iilism,

180 912 252 958 Quum
259 908 295 959 pal
304 919 323 953 s,
332 907 383 945 tsbo
390 916 469 944 munus
477 904 591 951 imbutum,
600 916 676 944 novam

255 958 356 998 lucendio
366 960 455 1005 nuptam
464 954 564 994 obstulitl

181 1012 247 1061 Atqui
255 1021 294 1050 nec
302 1009 374 1053 herba,
383 1018 423 1046 nec
430 1006 499 1044 latens
508 1005 531 1044 in
539 1005 619 1054 asperis

256 1060 328 1100 Radix
335 1057 412 1097 fefellit
419 1068 453 1096 me
461 1056 519 1095 iocis.

182 1111 287 1152 Indorruit
294 1110 363 1150 unctis
371 1108 467 1147 omnium
475 1104 582 1146 cubilibus

257 1160 368 1201 Oblivione
376 1157 512 1208 pellicum.-

183 1213 229 1252 Abi
246 1213 284 1253 obl
302 1210 383 1250 solutus
391 1208 488 1247 ambulat
495 1206 594 1246 venefico

257 1261 378 1301 scientioris
386 1259 487 1298 camnine.

183 1315 231 1353 Non
239 1313 328 1357 usitatis,
338 1311 400 1356 Vere,
409 1309 536 1359 potionibus,

258 1364 275 1402 0
283 1362 352 1401 mults
360 1362 460 1400 fleturum
468 1358 544 1407 csputi

183 1416 217 1454 Ad
224 1425 259 1452 me
266 1423 372 1457 recurres;
391 1422 429 1450 nec
437 1413 512 1449 vocata
519 1420 579 1448 mens
590 1414 628 1449 tus

259 1464 335 1503 Marsis
342 1462 421 1501 redibit
428 1461 521 1500 vocibus.

185 1515 256 1565 Msjus
264 1515 350 1562 perebo,
359 1514 429 1562 majus
436 1511 547 1550 infundam
556 1511 596 1550 tibi

260 1565 383 1603 Fastidienti
391 1562 497 1612 poculum.

184 1617 286 1664 Priusque
295 1614 373 1653 ooelum
380 1615 436 1652 sidet
442 1611 530 1651 inferius
539 1613 598 1658 111111,

259 1665 343 1705 Tellure
351 1668 447 1713 porrecta
455 1673 524 1712 snper,

184 1721 254 1765 Quam
262 1728 305 1756 uon
313 1725 383 1755 smore
391 1714 421 1753 sic
429 1722 477 1752 meo
483 1714 564 1762 flsgres,
572 1713 605 1751 uti

260 1768 360 1806 Bitumeu
368 1765 419 1804 anis
427 1765 517 1813 ignibus.

185 1819 229 1858 Sub
236 1818 282 1856 lraec
290 1828 349 1866 puer.
356 1816 401 1864 Jsm
409 1825 459 1859 non,
468 1818 493 1853 ut
501 1817 557 1860 snte,
566 1813 661 1853 mollibus

260 1867 334 1906 Lenire
342 1867 411 1905 verbis
417 1865 504 1914 impiam

186 1918 227 1956 Sed
236 1917 320 1961 dubius,
328 1917 386 1955 unde
394 1921 501 1964 rumperet
508 1915 622 1962 silentium,

261 1967 321 2006 Misit
329 1966 444 2015 Thyesteas
451 1977 535 2014 preces:

186 2017 274 2056 Venena
282 2027 383 2065 magnum
391 2017 423 2055 sss
431 2016 540 2065 nefasque,
549 2027 593 2055 nou
600 2017 667 2058 volent

260 2068 386 2106 Convertere
394 2066 511 2104 hnmsnsm
519 2068 594 2106 vicem.

187 2117 243 2155 Diris
251 2126 312 2164 sgsm
322 2127 370 2155 vos:
387 2117 433 2154 dira
441 2116 552 2155 detesutio
633 2112 635 2115 ’

263 2166 328 2204 Nulla
335 2166 433 2215 expietur
440 2167 533 2205 victims.

188 2215 251 2262 Quin,
263 2210 300 2253 irbi
308 2216 376 2264 perire
381 2217 454 2264 iussus
462 2217 602 2266 exspiravero,

263 2265 383 2305 Nocturnus
392 2276 500 2306 occurram
510 2267 582 2315 Furor,
