1520 2572
124 171 163 209 tto
289 169 315 211 Q.
330 167 454 208 nonnuli
468 168 565 207 FLACCl

127 285 226 334 Polypus,
235 295 263 322 an
270 285 339 332 gravis
347 284 434 322 hirsutis
442 284 506 322 cubet
513 282 585 322 hircus
593 283 616 322 iu
625 283 672 330 slis,

176 334 245 377 Qlisrn
254 336 312 372 cenis
320 345 374 379 acer,
384 334 421 372 nbi
429 333 495 372 lateat
502 344 546 372 sus.

122 387 168 433 Qui
176 386 240 425 sudor
246 384 308 423 vietis
316 389 338 423 et
346 395 410 433 qnam
418 384 487 422 malus
494 384 588 432 undique
596 384 697 424 membris

176 435 254 474 Crescit
261 435 325 473 odori
342 445 415 484 quum,
424 446 479 483 pene
488 433 563 479 soluto.

125 486 254 527 Indomitum
262 490 360 534 properat
365 486 448 524 rabiem
456 485 536 530 sedare,
545 495 615 533 neque
624 484 657 524 illi

176 536 225 575 Jam
232 539 305 574 manet
312 535 402 573 humida
410 539 473 580 creta,
483 535 581 583 colorque

126 588 220 626 Stercore
227 586 311 627 fucatus
319 585 428 630 crocodili;
443 587 530 634 jamque
537 586 635 624 subando

175 637 245 676 Teuta
252 635 338 681 cubilia,
349 640 447 685 tectaque
455 637 542 684 rumpit

126 687 166 726 Vel
174 698 222 726 mea
228 698 294 736 quum
302 688 364 726 saevis
372 688 437 735 agitat
445 687 531 725 fastidia
541 685 620 725 verbis:

177 740 190 759 ‘⁴
197 737 285 777 Inachia
293 737 381 786 langues
389 738 459 776 minus
468 747 493 775 ac
501 748 546 782 me;

126 788 237 829 Inachiam
245 794 277 827 ter
285 792 346 827 nocte
353 792 413 837 potes
421 800 425 833 ;
441 787 494 826 mihi
503 797 585 836 semper
593 787 621 824 ad
629 797 699 826 unum

176 838 247 877 Mollis
255 850 308 887 opus
316 852 321 876 z
338 843 411 887 pereat
418 837 481 883 male,
491 848 539 885 quse
547 842 575 883 te,

126 888 208 934 Lesbia,
218 890 322 937 quaerenti
330 893 422 935 taurum,
431 889 556 927 monstravit
562 888 660 934 inertem,

176 940 248 986 Quum
256 939 309 978 mihi
318 940 372 978 Cous
380 940 463 978 adesset
472 939 580 986 Amyntas,

125 991 191 1039 Cujus
199 992 221 1028 in
230 991 332 1029 indomito
340 990 469 1028 constantior
477 988 563 1036 inguine
571 998 656 1035 nervus,

176 1040 247 1086 Quam
254 1052 309 1079 nors
317 1040 407 1079 collibus
416 1040 478 1078 arbor
485 1038 581 1077 inheret

126 1091 245 1131 Muricibus
254 1092 321 1140 tyriis
329 1092 411 1130 iteratas
419 1089 498 1129 vellera
506 1089 562 1129 lane

177 1142 215 1180 Cui
223 1142 403 1192 properabanturl
420 1140 459 1179 tibi
467 1151 554 1189 nempe;

130 1192 163 1230 Ne
171 1192 226 1231 foret
233 1192 326 1241 aquales
334 1192 390 1230 inter
397 1191 491 1235 conviva,
500 1190 566 1239 magis
575 1200 639 1237 quem

178 1243 279 1291 Diligeret
286 1242 363 1281 mulier
370 1251 410 1280 sua
421 1251 485 1290 quam
494 1244 521 1285 te.

130 1293 147 1330 0
156 1304 194 1341 ego
202 1293 284 1338 infelix,
295 1303 358 1342 quarn
367 1296 390 1331 tu
399 1292 462 1340 fugis,
471 1295 495 1330 ut
502 1294 566 1340 pavet
573 1300 631 1329 acres

177 1344 238 1391 Agna
246 1343 313 1392 lupos,
323 1352 447 1392 capreaeque
455 1339 547 1389 leones.¹’

357 1493 415 1536 ODE
428 1493 490 1542 Xlll.

349 1596 384 1641 An
398 1595 497 1641 Anrcos.

128 1696 241 1742 ilonnxos
252 1698 365 1744 nuperus
373 1694 451 1733 coelum
460 1693 572 1739 contraxit,
581 1697 603 1730 et
611 1693 692 1732 imbreo

177 1747 283 1794 Nivesque
295 1746 405 1793 deducunt
416 1745 501 1789 Jovem;
517 1754 574 1782 nunc
586 1754 653 1790 more,
668 1755 727 1785 nuno

225 1797 285 1836 silvae

127 1847 224 1887 Threicio
232 1846 337 1896 Aquilone
346 1850 434 1885 sonant:
452 1845 566 1895 rapiamus,
578 1845 650 1890 amici,

177 1897 313 1937 Occasionem
322 1898 349 1935 de
357 1898 391 1935 die
399 1909 404 1941 ;
418 1897 511 1945 dumque
519 1896 589 1934 virent
595 1906 674 1944 genno,

128 1949 156 1988 Et
163 1950 230 1993 decet,
239 1949 332 1987 obducta
339 1947 433 1986 solvatur
440 1947 509 1985 fronte
517 1951 622 1985 senectus.

177 1999 209 2038 Tu
217 1999 267 2037 vina
275 1999 382 2047 Torquato
389 2009 450 2036 move
459 1997 549 2036 Consule
557 2007 632 2045 pressa
641 2007 700 2034 meo.

127 2049 202 2088 Cetera
209 2050 270 2088 mitte
275 2049 343 2097 loqui:
364 2049 422 2087 Deus
430 2048 477 2086 haec
485 2047 574 2086 fortasse
581 2047 676 2095 moigne

177 2100 274 2138 Reducet
281 2101 303 2138 in
311 2100 384 2137 sedem
391 2099 443 2136 vice.
471 2098 534 2136 Nunc
542 2103 564 2136 et
573 2097 714 2141 Aclmmenia

128 2150 228 2190 Perfuudi
237 2151 376 2198 nardoJuvat,
386 2150 455 2187 stlido
465 2149 565 2195 Cyllenea

177 2201 255 2240 Levare
264 2200 315 2238 diris
322 2205 407 2249 pectora
413 2199 598 2239 sollicitudinibus.
