1562 2568
8 1744 10 1771 l

8 1910 10 2043 l

8 2070 10 2189 l

215 200 419 244 EPISTOLARUM
434 203 490 242 ΜΒ.
504 203 522 242 1.
625 196 663 242 19⁴⁵

67 316 161 358 Multum
170 318 289 365 dissimiles,
299 320 326 359 ad
335 323 405 358 cetera
412 330 474 369 piene
482 318 574 368 gemelli.
627 326 628 329 ’

66 369 173 409 Fraternis
181 370 265 416 animis,
274 371 377 419 quicquid
384 378 448 419 negat
456 370 516 415 alter,
526 374 548 409 et
556 369 609 408 alter
617 381 622 407 ι

67 420 189 459 Annuimus
195 422 273 469 pariter
281 421 348 459 vetuli
356 422 445 470 notique
454 420 554 460 columbi.

8 494 9 501 ,
66 471 100 509 Tu
108 471 183 509 nidum
193 481 270 516 servas,
279 483 318 520 ego
325 472 390 511 laudo
397 473 452 510 ruris
460 473 540 511 amoeni

67 520 139 566 Rivos,
149 525 172 558 et
179 532 252 560 musco
260 523 378 561 circumlita
386 533 445 569 saxa,
455 533 579 570 nemusque.

66 571 124 617 Quid
132 572 222 619 queris?
235 573 283 610 vivo
292 577 314 611 et
321 584 392 621 regno,
402 573 466 611 simul
474 573 515 612 ista
525 572 608 621 reliqui,

67 622 120 666 Quae
129 632 165 660 vos
174 622 201 660 ad
208 622 286 661 coelum
294 623 371 662 effertis
379 634 463 662 rumore
471 625 571 670 secundo,

66 672 137 720 thue
146 673 260 711 sacerdotis
268 673 370 720 fugitivus
378 673 422 711 libs
437 685 524 713 recuso:
641 673 664 711 tt
692 700 696 709 ι

67 722 125 761 Pane
133 734 190 771 egeo,
195 724 240 771 jam
249 722 336 762 mellitis
345 724 412 772 potior
433 724 543 772 placentis.
694 722 703 733 “

66 772 142 812 Vivere
150 778 233 812 naturae
242 774 259 812 si
268 774 418 813 convenienter
425 778 514 822 oportet,

66 822 216 872 Ponendaeque
226 824 288 862 domo
297 825 412 872 querenda
420 829 452 862 est
458 833 508 863 area
513 823 613 873 primum,

66 873 176 913 Novistine
184 875 255 913 locum
263 874 367 923 potiorem
375 885 423 912 rure
432 875 508 913 beatol

66 923 105 963 Est
112 925 150 963 ubi
157 925 206 973 plus
214 928 301 974 tepeant
307 925 402 963 hiemes?
419 925 456 962 ubi
464 925 542 973 gratior
550 935 602 963 aura

65 974 142 1013 Leniat
150 980 172 1013 et
180 975 261 1015 rabiem
269 976 338 1019 Canis,
349 979 370 1013 et
378 980 486 1013 momenta
494 976 578 1022 Leonis,

66 1024 138 1071 Quum
146 1025 213 1064 semel
221 1026 303 1074 accepit
311 1026 378 1064 solem
386 1026 515 1065 furibundus
523 1027 626 1064 scutum?

66 1075 104 1114 Est
113 1076 151 1114 ubi
159 1076 253 1126 depellat
260 1087 345 1116 somnos
353 1077 424 1115 minus
430 1076 503 1115 invida
511 1077 576 1115 curat

66 1125 164 1165 Deterius
173 1127 257 1176 Libycis
265 1127 309 1166 olet
316 1131 354 1165 aut
361 1126 415 1166 nitet
423 1127 490 1166 herba
497 1126 590 1176 lapillis?

66 1175 140 1216 Purior
148 1177 170 1215 in
176 1178 228 1217 vic-is
237 1189 293 1227 aqua
302 1178 371 1216 tendit
378 1189 476 1228 rumpere
482 1177 601 1227 plumbum,
640 1178 665 1214 20

65 1227 135 1273 Quam
141 1238 189 1276 quae
194 1239 232 1277 per
237 1240 327 1277 pronum
332 1229 425 1278 trepidat
430 1240 478 1267 cum
483 1239 591 1267 murmure
596 1224 675 1266 rivum?

66 1277 148 1326 Nempe
156 1278 212 1317 inter
219 1280 289 1318 varias
297 1279 391 1318 nutritur
398 1279 452 1319 silva
461 1279 576 1325 columnas,

64 1326 215 1378 Laudaturque
224 1330 306 1377 domus,
316 1330 389 1379 longos
397 1341 445 1379 quae
454 1330 555 1380 prospicit
562 1340 629 1377 agros.

65 1378 170 1417 Naturam
179 1380 273 1429 expelles
281 1381 348 1427 furca,
358 1388 429 1420 temen
438 1393 506 1430 usque
514 1384 614 1425 recurret,

66 1428 94 1467 Et
101 1428 159 1467 mala
167 1436 289 1480 perrumpet
296 1432 369 1470 furtim
378 1432 464 1471 fastidia
472 1432 556 1471 victrix.

65 1479 121 1524 Non,
131 1481 169 1528 qui
178 1481 264 1520 Sidonio
272 1484 400 1522 contendere
408 1482 498 1522 callidus
508 1488 564 1521 ostro

64 1529 140 1570 Nescit
148 1531 278 1579 Aquinatem
285 1533 382 1581 potantia
389 1533 468 1572 vellera
475 1533 556 1578 arcum,

63 1580 146 1623 (tertius
154 1581 244 1629 accipiet
251 1583 360 1628 damnum,
369 1584 481 1631 propiusve
489 1583 598 1627 medullis,

64 1632 134 1678 Quam
144 1632 181 1679 qui
190 1642 232 1669 non
242 1633 319 1680 poterit
326 1644 376 1671 vero
384 1633 513 1681 distinguere
521 1633 606 1671 falsum.

63 1683 134 1729 Quem
142 1693 175 1720 res
183 1681 231 1731 plus
240 1683 306 1721 nimio
315 1682 446 1721 delectavere
455 1684 562 1728 secundas,
639 1684 663 1720 8⁰

64 1733 156 1772 Mutatur
165 1732 273 1781 quatient:
288 1733 307 1772 si
316 1733 370 1782 quid
378 1734 489 1779 mirabere,
498 1745 564 1782 pones

65 1782 161 1823 Inritus:
175 1783 225 1831 fuge
234 1793 322 1830 magna:
336 1783 389 1821 licet
395 1784 435 1822 sub
443 1794 537 1832 paupere
546 1787 602 1822 tecto

64 1833 135 1883 Reges
141 1838 163 1872 et
170 1844 244 1881 regum
253 1834 296 1871 rita
304 1843 431 1884 praec'urrere
440 1835 526 1872 amicos.

64 1882 143 1927 Chius
151 1894 231 1932 equum
239 1894 310 1932 pugne
318 1884 393 1922 melior
399 1885 547 1923 communibus
554 1884 630 1923 herbis

64 1930 167 1984 liquebat,
177 1935 245 1973 donee
252 1934 322 1974 minor
330 1935 352 1973 in
360 1936 475 1973 certamine
483 1934 546 1982 longo

73 2005 78 2017 ι
90 2002 109 2018 o
127 2003 130 2017 ·
141 1986 248 2034 sinopes
256 1985 355 2031 hominis,
365 1985 491 2034 frenumque
501 1985 592 2034 recepit:

67 2063 83 2084 ‚4
91 2039 100 2064 st
184 2061 187 2068 ›
199 2052 201 2066 τ
213 2052 224 2070 ιι
237 2036 392 2075 rictorriolens
400 2036 497 2075 discessit
510 2036 537 2074 ab
544 2037 613 2082 hoste,

94 2105 100 2128 s
112 2097 113 2100 ’
127 2103 129 2108 ·
168 2096 170 2098 ·
178 2102 192 2116 ·=
201 2104 212 2118 ι·
226 2086 293 2133 dorso,
305 2097 348 2126 non
354 2087 440 2126 lienum
451 2086 533 2136 depulit
541 2099 583 2126 ore.

69 2161 70 2166 =
80 2147 97 2187 ,g
159 2136 283 2189 pauperiem
291 2138 377 2185 veritus,
386 2139 467 2188 potiore
475 2137 567 2178 metallis

8 2192 9 2203 ,
73 2183 91 2204 ⁴
165 2186 664 2240 mmtsomnumsehessmorobubssl‘llffl

271 2240 324 2289 quia
331 2250 395 2290 parvo
404 2241 483 2279 nesciet
492 2240 531 2279 uti.
