<?xml version="1.0" encoding="UTF-8"?>
<!DOCTYPE html PUBLIC "-//W3C//DTD XHTML 1.0 Transitional//EN"
    "http://www.w3.org/TR/xhtml1/DTD/xhtml1-transitional.dtd">
<html xmlns="http://www.w3.org/1999/xhtml" xml:lang="en" lang="en">
 <head>
  <title>
</title>
<meta http-equiv="Content-Type" content="text/html;charset=utf-8" />
  <meta name='ocr-system' content='tesseract 3.04.00' />
  <meta name='ocr-capabilities' content='ocr_page ocr_carea ocr_par ocr_line ocrx_word'/>
</head>
<body>
  <div class='ocr_page' id='page_1' title='image "./opera04horagoog_0194.png"; bbox 0 0 1562 2568; ppageno 0'>
   <div class='ocr_carea' id='block_1_1' title="bbox 199 194 646 239">
    <p class='ocr_par' dir='ltr' id='par_1_1' title="bbox 199 194 646 239">
     <span class='ocr_line' id='line_1_1' title="bbox 199 194 646 239; baseline 0.016 -7"><span class='ocrx_word' id='word_1_1' title='bbox 199 194 370 234; x_wconf 80' lang='lat' dir='ltr'>SATiRARUM</span> <span class='ocrx_word' id='word_1_2' title='bbox 384 195 438 234; x_wconf 86' lang='lat' dir='ltr'>LIB.</span> <span class='ocrx_word' id='word_1_3' title='bbox 453 195 483 234; x_wconf 89' lang='lat'>11.</span> <span class='ocrx_word' id='word_1_4' title='bbox 610 200 646 239; x_wconf 79' lang='lat'>167</span> 
     </span>
    </p>
   </div>
   <div class='ocr_carea' id='block_1_2' title="bbox 16 294 646 2280">
    <p class='ocr_par' dir='ltr' id='par_1_2' title="bbox 16 294 646 461">
     <span class='ocr_line' id='line_1_2' title="bbox 16 294 646 365; baseline 0.005 -14"><span class='ocrx_word' id='word_1_5' title='bbox 16 294 18 365; x_wconf 79' lang='lat' dir='ltr'>i</span> <span class='ocrx_word' id='word_1_6' title='bbox 49 309 113 351; x_wconf 79' lang='lat' dir='ltr'>Quali</span> <span class='ocrx_word' id='word_1_7' title='bbox 120 309 308 359; x_wconf 76' lang='lat' dir='ltr'>permanatpisces</span> <span class='ocrx_word' id='word_1_8' title='bbox 316 321 403 350; x_wconf 83' lang='lat' dir='ltr'>securus</span> <span class='ocrx_word' id='word_1_9' title='bbox 411 311 473 351; x_wconf 87' lang='lat' dir='ltr'>olivo.</span> <span class='ocrx_word' id='word_1_10' title='bbox 621 317 646 354; x_wconf 82' lang='lat' dir='ltr'>sb</span> 
     </span>
     <span class='ocr_line' id='line_1_3' title="bbox 49 359 555 410; baseline -0.002 -12"><span class='ocrx_word' id='word_1_11' title='bbox 49 359 142 399; x_wconf 78' lang='lat' dir='ltr'>Messius</span> <span class='ocrx_word' id='word_1_12' title='bbox 150 360 168 399; x_wconf 83' lang='lat' dir='ltr'>si</span> <span class='ocrx_word' id='word_1_13' title='bbox 177 361 231 400; x_wconf 86' lang='lat' dir='ltr'>coelo</span> <span class='ocrx_word' id='word_1_14' title='bbox 239 372 344 410; x_wconf 86' lang='lat' dir='ltr'>suppones</span> <span class='ocrx_word' id='word_1_15' title='bbox 352 363 402 400; x_wconf 87' lang='lat' dir='ltr'>vina</span> <span class='ocrx_word' id='word_1_16' title='bbox 408 372 489 407; x_wconf 80' lang='lat' dir='ltr'>sereno,</span> <span class='ocrx_word' id='word_1_17' title='bbox 550 382 555 397; x_wconf 87' lang='lat'><em>.</em></span> 
     </span>
     <span class='ocr_line' id='line_1_4' title="bbox 49 409 569 461; baseline 0.01 -13"><span class='ocrx_word' id='word_1_18' title='bbox 49 409 165 457; x_wconf 80' lang='lat' dir='ltr'>Nocturna,</span> <span class='ocrx_word' id='word_1_19' title='bbox 175 412 192 450; x_wconf 92' lang='lat' dir='ltr'>si</span> <span class='ocrx_word' id='word_1_20' title='bbox 200 411 251 460; x_wconf 90' lang='lat' dir='ltr'>quid</span> <span class='ocrx_word' id='word_1_21' title='bbox 259 413 323 451; x_wconf 86' lang='lat' dir='ltr'>cressi</span> <span class='ocrx_word' id='word_1_22' title='bbox 331 417 369 458; x_wconf 82' lang='lat' dir='ltr'>est,</span> <span class='ocrx_word' id='word_1_23' title='bbox 378 414 502 452; x_wconf 77' lang='lat' dir='ltr'>tenuabitur</span> <span class='ocrx_word' id='word_1_24' title='bbox 510 424 569 461; x_wconf 84' lang='lat' dir='ltr'>eura,</span> 
     </span>
    </p>

    <p class='ocr_par' dir='ltr' id='par_1_3' title="bbox 48 460 524 611">
     <span class='ocr_line' id='line_1_5' title="bbox 48 460 504 509; baseline 0.009 -10"><span class='ocrx_word' id='word_1_25' title='bbox 48 460 75 500; x_wconf 86' lang='lat' dir='ltr'>Et</span> <span class='ocrx_word' id='word_1_26' title='bbox 83 462 173 500; x_wconf 83' lang='lat' dir='ltr'>decedet</span> <span class='ocrx_word' id='word_1_27' title='bbox 178 464 230 501; x_wconf 88' lang='lat' dir='ltr'>odor</span> <span class='ocrx_word' id='word_1_28' title='bbox 237 466 305 502; x_wconf 80' lang='lat' dir='ltr'>nervis</span> <span class='ocrx_word' id='word_1_29' title='bbox 313 464 421 509; x_wconf 85' lang='lat' dir='ltr'>inimicus;</span> <span class='ocrx_word' id='word_1_30' title='bbox 436 468 459 502; x_wconf 87' lang='lat' dir='ltr'>at</span> <span class='ocrx_word' id='word_1_31' title='bbox 466 464 504 502; x_wconf 81' lang='lat' dir='ltr'>illa</span> 
     </span>
     <span class='ocr_line' id='line_1_6' title="bbox 48 511 503 564; baseline 0.011 -15"><span class='ocrx_word' id='word_1_32' title='bbox 48 511 158 559; x_wconf 78' lang='lat' dir='ltr'>Integrum</span> <span class='ocrx_word' id='word_1_33' title='bbox 166 514 258 561; x_wconf 87' lang='lat' dir='ltr'>perdunt</span> <span class='ocrx_word' id='word_1_34' title='bbox 266 513 310 551; x_wconf 90' lang='lat' dir='ltr'>lino</span> <span class='ocrx_word' id='word_1_35' title='bbox 318 515 393 552; x_wconf 88' lang='lat' dir='ltr'>vitiata</span> <span class='ocrx_word' id='word_1_36' title='bbox 400 525 503 564; x_wconf 79' lang='lat' dir='ltr'>saporem.</span> 
     </span>
     <span class='ocr_line' id='line_1_7' title="bbox 48 562 524 611; baseline 0.008 -11"><span class='ocrx_word' id='word_1_37' title='bbox 48 562 172 601; x_wconf 80' lang='lat' dir='ltr'>Surrentina</span> <span class='ocrx_word' id='word_1_38' title='bbox 180 564 238 602; x_wconf 84' lang='lat' dir='ltr'>vafer</span> <span class='ocrx_word' id='word_1_39' title='bbox 246 564 283 611; x_wconf 93' lang='lat' dir='ltr'>qui</span> <span class='ocrx_word' id='word_1_40' title='bbox 290 566 366 602; x_wconf 88' lang='lat' dir='ltr'>miscet</span> <span class='ocrx_word' id='word_1_41' title='bbox 373 565 426 604; x_wconf 81' lang='lat' dir='ltr'>iaece</span> <span class='ocrx_word' id='word_1_42' title='bbox 436 566 524 605; x_wconf 80' lang='lat' dir='ltr'>Falerna</span> 
     </span>
    </p>

    <p class='ocr_par' dir='ltr' id='par_1_4' title="bbox 16 610 532 669">
     <span class='ocr_line' id='line_1_8' title="bbox 16 610 532 669; baseline 0.014 -21"><span class='ocrx_word' id='word_1_43' title='bbox 16 610 17 669; x_wconf 59' lang='lat' dir='ltr'>i</span> <span class='ocrx_word' id='word_1_44' title='bbox 47 613 110 655; x_wconf 81' lang='lat' dir='ltr'>Vina.</span> <span class='ocrx_word' id='word_1_45' title='bbox 119 613 241 652; x_wconf 91' lang='lat' dir='ltr'>columbino</span> <span class='ocrx_word' id='word_1_46' title='bbox 249 614 324 652; x_wconf 89' lang='lat' dir='ltr'>limum</span> <span class='ocrx_word' id='word_1_47' title='bbox 333 615 386 653; x_wconf 87' lang='lat' dir='ltr'>bene</span> <span class='ocrx_word' id='word_1_48' title='bbox 395 615 475 665; x_wconf 78' lang='lat' dir='ltr'>colligit</span> <span class='ocrx_word' id='word_1_49' title='bbox 481 628 532 662; x_wconf 79' lang='lat' dir='ltr'>ovo;</span> 
     </span>
    </p>

    <p class='ocr_par' dir='ltr' id='par_1_5' title="bbox 16 662 544 713">
     <span class='ocr_line' id='line_1_9' title="bbox 16 662 544 713; baseline 0.006 -12"><span class='ocrx_word' id='word_1_50' title='bbox 16 678 17 693; x_wconf 62' lang='lat' dir='ltr'>i</span> <span class='ocrx_word' id='word_1_51' title='bbox 48 662 160 707; x_wconf 80' lang='lat' dir='ltr'><strong>Quatenus</strong></span> <span class='ocrx_word' id='word_1_52' title='bbox 168 666 210 704; x_wconf 81' lang='lat' dir='ltr'>ime</span> <span class='ocrx_word' id='word_1_53' title='bbox 218 664 272 713; x_wconf 91' lang='lat' dir='ltr'>petit</span> <span class='ocrx_word' id='word_1_54' title='bbox 279 664 365 703; x_wconf 83' lang='lat' dir='ltr'>volvens</span> <span class='ocrx_word' id='word_1_55' title='bbox 373 665 443 704; x_wconf 82' lang='lat' dir='ltr'>eliens</span> <span class='ocrx_word' id='word_1_56' title='bbox 452 666 544 706; x_wconf 86' lang='lat' dir='ltr'>vitellus.</span> 
     </span>
    </p>

    <p class='ocr_par' dir='ltr' id='par_1_6' title="bbox 16 712 643 965">
     <span class='ocr_line' id='line_1_10' title="bbox 16 712 546 761; baseline 0.009 -10"><span class='ocrx_word' id='word_1_57' title='bbox 16 728 17 731; x_wconf 44' lang='lat'>¹</span> <span class='ocrx_word' id='word_1_58' title='bbox 48 713 118 753; x_wconf 85' lang='lat' dir='ltr'>Testis</span> <span class='ocrx_word' id='word_1_59' title='bbox 124 722 252 754; x_wconf 78' lang='lat' dir='ltr'>marcentem</span> <span class='ocrx_word' id='word_1_60' title='bbox 261 712 343 761; x_wconf 75' lang='lat' dir='ltr'>squillis</span> <span class='ocrx_word' id='word_1_61' title='bbox 351 716 456 754; x_wconf 78' lang='lat' dir='ltr'>recreabis</span> <span class='ocrx_word' id='word_1_62' title='bbox 464 722 486 755; x_wconf 89' lang='lat' dir='ltr'>et</span> <span class='ocrx_word' id='word_1_63' title='bbox 495 718 546 757; x_wconf 79' lang='lat' dir='ltr'>Afra</span> 
     </span>
     <span class='ocr_line' id='line_1_11' title="bbox 49 763 548 809; baseline 0.006 -6"><span class='ocrx_word' id='word_1_64' title='bbox 49 763 146 804; x_wconf 80' lang='lat' dir='ltr'>Peterem</span> <span class='ocrx_word' id='word_1_65' title='bbox 155 765 250 809; x_wconf 85' lang='lat' dir='ltr'>cochlea;</span> <span class='ocrx_word' id='word_1_66' title='bbox 264 776 315 802; x_wconf 88' lang='lat' dir='ltr'>nam</span> <span class='ocrx_word' id='word_1_67' title='bbox 323 764 406 803; x_wconf 81' lang='lat' dir='ltr'>lactuca</span> <span class='ocrx_word' id='word_1_68' title='bbox 414 766 498 805; x_wconf 81' lang='lat' dir='ltr'>innatat</span> <span class='ocrx_word' id='word_1_69' title='bbox 505 769 548 806; x_wconf 84' lang='lat' dir='ltr'>scri</span> 
     </span>
     <span class='ocr_line' id='line_1_12' title="bbox 49 814 636 866; baseline 0.007 -12"><span class='ocrx_word' id='word_1_70' title='bbox 49 815 99 854; x_wconf 86' lang='lat' dir='ltr'>Post</span> <span class='ocrx_word' id='word_1_71' title='bbox 106 817 179 854; x_wconf 79' lang='lat' dir='ltr'>vinum</span> <span class='ocrx_word' id='word_1_72' title='bbox 187 814 306 854; x_wconf 82' lang='lat' dir='ltr'>stomacho:</span> <span class='ocrx_word' id='word_1_73' title='bbox 320 825 386 862; x_wconf 85' lang='lat' dir='ltr'>perna</span> <span class='ocrx_word' id='word_1_74' title='bbox 394 816 461 863; x_wconf 77' lang='lat' dir='ltr'>magis</span> <span class='ocrx_word' id='word_1_75' title='bbox 469 827 494 855; x_wconf 84' lang='lat' dir='ltr'>ec</span> <span class='ocrx_word' id='word_1_76' title='bbox 502 820 569 866; x_wconf 80' lang='lat' dir='ltr'>magis</span> <span class='ocrx_word' id='word_1_77' title='bbox 576 819 636 858; x_wconf 87' lang='lat' dir='ltr'>hillis</span> 
     </span>
     <span class='ocr_line' id='line_1_13' title="bbox 48 865 643 914; baseline 0.005 -11"><span class='ocrx_word' id='word_1_78' title='bbox 48 865 140 913; x_wconf 78' lang='lat' dir='ltr'>Fisgitet</span> <span class='ocrx_word' id='word_1_79' title='bbox 148 868 259 904; x_wconf 83' lang='lat' dir='ltr'>immersus</span> <span class='ocrx_word' id='word_1_80' title='bbox 267 865 334 907; x_wconf 73' lang='lat' dir='ltr'>renen</span> <span class='ocrx_word' id='word_1_81' title='bbox 349 867 402 913; x_wconf 92' lang='lat' dir='ltr'>quin</span> <span class='ocrx_word' id='word_1_82' title='bbox 410 867 481 904; x_wconf 80' lang='lat' dir='ltr'>omnio</span> <span class='ocrx_word' id='word_1_83' title='bbox 488 868 556 914; x_wconf 87' lang='lat' dir='ltr'>malit,</span> <span class='ocrx_word' id='word_1_84' title='bbox 619 872 643 908; x_wconf 79' lang='lat' dir='ltr'>bl</span> 
     </span>
     <span class='ocr_line' id='line_1_14' title="bbox 48 915 570 965; baseline 0.006 -11"><span class='ocrx_word' id='word_1_85' title='bbox 48 916 187 963; x_wconf 80' lang='lat' dir='ltr'>Quaecunque</span> <span class='ocrx_word' id='word_1_86' title='bbox 195 915 310 954; x_wconf 89' lang='lat' dir='ltr'>immundis</span> <span class='ocrx_word' id='word_1_87' title='bbox 318 915 401 953; x_wconf 82' lang='lat' dir='ltr'>ferrent</span> <span class='ocrx_word' id='word_1_88' title='bbox 408 916 473 953; x_wconf 84' lang='lat' dir='ltr'>allate</span> <span class='ocrx_word' id='word_1_89' title='bbox 480 917 570 965; x_wconf 89' lang='lat' dir='ltr'>popinis.</span> 
     </span>
    </p>

    <p class='ocr_par' dir='ltr' id='par_1_7' title="bbox 47 965 551 1065">
     <span class='ocr_line' id='line_1_15' title="bbox 47 965 551 1015; baseline 0.004 -11"><span class='ocrx_word' id='word_1_90' title='bbox 47 966 85 1004; x_wconf 82' lang='lat' dir='ltr'>Est</span> <span class='ocrx_word' id='word_1_91' title='bbox 93 966 261 1015; x_wconf 74' lang='lat' dir='ltr'>operaepretium</span> <span class='ocrx_word' id='word_1_92' title='bbox 269 965 360 1014; x_wconf 87' lang='lat' dir='ltr'>duplicis</span> <span class='ocrx_word' id='word_1_93' title='bbox 369 977 492 1014; x_wconf 81' lang='lat' dir='ltr'>pernoscere</span> <span class='ocrx_word' id='word_1_94' title='bbox 497 968 551 1014; x_wconf 85' lang='lat' dir='ltr'>juris</span> 
     </span>
     <span class='ocr_line' id='line_1_16' title="bbox 48 1015 527 1065; baseline 0.006 -12"><span class='ocrx_word' id='word_1_95' title='bbox 48 1015 160 1055; x_wconf 83' lang='lat' dir='ltr'>Naturam.</span> <span class='ocrx_word' id='word_1_96' title='bbox 187 1016 281 1065; x_wconf 87' lang='lat' dir='ltr'>Simplex</span> <span class='ocrx_word' id='word_1_97' title='bbox 289 1028 300 1054; x_wconf 90' lang='lat' dir='ltr'>e</span> <span class='ocrx_word' id='word_1_98' title='bbox 310 1016 368 1055; x_wconf 92' lang='lat' dir='ltr'>dulci</span> <span class='ocrx_word' id='word_1_99' title='bbox 376 1016 527 1063; x_wconf 82' lang='lat' dir='ltr'>constatolivo,</span> 
     </span>
    </p>

    <p class='ocr_par' dir='ltr' id='par_1_8' title="bbox 46 1067 568 1116">
     <span class='ocr_line' id='line_1_17' title="bbox 46 1067 568 1116; baseline 0.004 -11"><span class='ocrx_word' id='word_1_100' title='bbox 46 1067 108 1112; x_wconf 78' lang='lat' dir='ltr'>Quod</span> <span class='ocrx_word' id='word_1_101' title='bbox 117 1067 191 1116; x_wconf 77' lang='lat' dir='ltr'>pingui</span> <span class='ocrx_word' id='word_1_102' title='bbox 199 1068 287 1106; x_wconf 85' lang='lat' dir='ltr'>miscere</span> <span class='ocrx_word' id='word_1_103' title='bbox 295 1078 354 1106; x_wconf 86' lang='lat' dir='ltr'>mero</span> <span class='ocrx_word' id='word_1_104' title='bbox 362 1068 472 1115; x_wconf 84' lang='lat' dir='ltr'>muriaque</span> <span class='ocrx_word' id='word_1_105' title='bbox 478 1068 568 1114; x_wconf 79' lang='lat' dir='ltr'>decebit,</span> 
     </span>
    </p>

    <p class='ocr_par' dir='ltr' id='par_1_9' title="bbox 48 1117 523 1167">
     <span class='ocr_line' id='line_1_18' title="bbox 48 1117 523 1167; baseline 0.002 -12"><span class='ocrx_word' id='word_1_106' title='bbox 48 1117 96 1156; x_wconf 88' lang='lat' dir='ltr'>Non</span> <span class='ocrx_word' id='word_1_107' title='bbox 103 1118 146 1156; x_wconf 85' lang='lat' dir='ltr'>alia</span> <span class='ocrx_word' id='word_1_108' title='bbox 153 1129 218 1166; x_wconf 88' lang='lat' dir='ltr'>quam</span> <span class='ocrx_word' id='word_1_109' title='bbox 227 1129 269 1166; x_wconf 86' lang='lat' dir='ltr'>qua</span> <span class='ocrx_word' id='word_1_110' title='bbox 279 1118 382 1166; x_wconf 78' lang='lat' dir='ltr'>Byzantia</span> <span class='ocrx_word' id='word_1_111' title='bbox 389 1119 461 1167; x_wconf 91' lang='lat' dir='ltr'>putuit</span> <span class='ocrx_word' id='word_1_112' title='bbox 468 1129 523 1156; x_wconf 80' lang='lat' dir='ltr'>orca.</span> 
     </span>
    </p>

    <p class='ocr_par' dir='ltr' id='par_1_10' title="bbox 46 1166 644 1461">
     <span class='ocr_line' id='line_1_19' title="bbox 47 1166 528 1214; baseline 0.004 -9"><span class='ocrx_word' id='word_1_113' title='bbox 47 1166 94 1206; x_wconf 83' lang='lat' dir='ltr'>Hoc</span> <span class='ocrx_word' id='word_1_114' title='bbox 103 1169 141 1209; x_wconf 87' lang='lat' dir='ltr'>ubi</span> <span class='ocrx_word' id='word_1_115' title='bbox 149 1168 262 1207; x_wconf 77' lang='lat' dir='ltr'>confusum</span> <span class='ocrx_word' id='word_1_116' title='bbox 271 1169 333 1207; x_wconf 89' lang='lat' dir='ltr'>sectis</span> <span class='ocrx_word' id='word_1_117' title='bbox 341 1169 444 1207; x_wconf 83' lang='lat' dir='ltr'>inferbuit</span> <span class='ocrx_word' id='word_1_118' title='bbox 451 1168 528 1214; x_wconf 80' lang='lat' dir='ltr'>herbis,</span> 
     </span>
     <span class='ocr_line' id='line_1_20' title="bbox 46 1218 588 1268; baseline 0.004 -12"><span class='ocrx_word' id='word_1_119' title='bbox 46 1218 175 1267; x_wconf 80' lang='lat' dir='ltr'>Corycioque</span> <span class='ocrx_word' id='word_1_120' title='bbox 183 1229 243 1257; x_wconf 87' lang='lat' dir='ltr'>croco</span> <span class='ocrx_word' id='word_1_121' title='bbox 252 1230 348 1268; x_wconf 76' lang='lat' dir='ltr'>sparsum</span> <span class='ocrx_word' id='word_1_122' title='bbox 356 1219 421 1264; x_wconf 87' lang='lat' dir='ltr'>stetit,</span> <span class='ocrx_word' id='word_1_123' title='bbox 428 1220 515 1268; x_wconf 87' lang='lat' dir='ltr'>insuper</span> <span class='ocrx_word' id='word_1_124' title='bbox 523 1220 588 1259; x_wconf 87' lang='lat' dir='ltr'>addes</span> 
     </span>
     <span class='ocr_line' id='line_1_21' title="bbox 47 1268 562 1318; baseline 0.002 -11"><span class='ocrx_word' id='word_1_125' title='bbox 47 1268 121 1307; x_wconf 85' lang='lat' dir='ltr'>Presss</span> <span class='ocrx_word' id='word_1_126' title='bbox 130 1269 257 1308; x_wconf 77' lang='lat' dir='ltr'>Venafranae</span> <span class='ocrx_word' id='word_1_127' title='bbox 267 1272 323 1318; x_wconf 89' lang='lat' dir='ltr'>quod</span> <span class='ocrx_word' id='word_1_128' title='bbox 333 1271 397 1308; x_wconf 85' lang='lat' dir='ltr'>bacca</span> <span class='ocrx_word' id='word_1_129' title='bbox 405 1271 486 1309; x_wconf 85' lang='lat' dir='ltr'>remisit</span> <span class='ocrx_word' id='word_1_130' title='bbox 494 1270 562 1310; x_wconf 78' lang='lat' dir='ltr'>olivoe.</span> 
     </span>
     <span class='ocr_line' id='line_1_22' title="bbox 47 1318 644 1369; baseline 0.003 -12"><span class='ocrx_word' id='word_1_131' title='bbox 47 1318 129 1358; x_wconf 88' lang='lat' dir='ltr'>Picenis</span> <span class='ocrx_word' id='word_1_132' title='bbox 138 1320 217 1358; x_wconf 90' lang='lat' dir='ltr'>cedunt</span> <span class='ocrx_word' id='word_1_133' title='bbox 224 1322 292 1369; x_wconf 87' lang='lat' dir='ltr'>pomis</span> <span class='ocrx_word' id='word_1_134' title='bbox 301 1321 396 1360; x_wconf 87' lang='lat' dir='ltr'>Tiburtia</span> <span class='ocrx_word' id='word_1_135' title='bbox 402 1333 475 1366; x_wconf 67' lang='lat' dir='ltr'>sucum</span> <span class='ocrx_word' id='word_1_136' title='bbox 621 1321 644 1359; x_wconf 76' lang='lat' dir='ltr'>ib</span> 
     </span>
     <span class='ocr_line' id='line_1_23' title="bbox 46 1369 593 1416; baseline 0.007 -9"><span class='ocrx_word' id='word_1_137' title='bbox 46 1369 102 1408; x_wconf 85' lang='lat' dir='ltr'>Nem</span> <span class='ocrx_word' id='word_1_138' title='bbox 111 1369 166 1408; x_wconf 87' lang='lat' dir='ltr'>facie</span> <span class='ocrx_word' id='word_1_139' title='bbox 188 1375 281 1409; x_wconf 81' lang='lat' dir='ltr'>raestent.</span> <span class='ocrx_word' id='word_1_140' title='bbox 308 1371 419 1411; x_wconf 84' lang='lat' dir='ltr'>Venucula</span> <span class='ocrx_word' id='word_1_141' title='bbox 428 1372 526 1411; x_wconf 86' lang='lat' dir='ltr'>convenit</span> <span class='ocrx_word' id='word_1_142' title='bbox 535 1372 593 1416; x_wconf 67' lang='lat' dir='ltr'>ollio</span> 
     </span>
     <span class='ocr_line' id='line_1_24' title="bbox 49 1382 511 1461; baseline 0.006 -3"><span class='ocrx_word' id='word_1_143' title='bbox 49 1419 135 1459; x_wconf 85' lang='lat' dir='ltr'>Rectius</span> <span class='ocrx_word' id='word_1_144' title='bbox 144 1382 250 1459; x_wconf 66' lang='lat' dir='ltr'>Alienum</span> <span class='ocrx_word' id='word_1_145' title='bbox 258 1422 317 1460; x_wconf 82' lang='lat' dir='ltr'>furno</span> <span class='ocrx_word' id='word_1_146' title='bbox 325 1424 433 1461; x_wconf 80' lang='lat' dir='ltr'>duraveris</span> <span class='ocrx_word' id='word_1_147' title='bbox 442 1434 511 1461; x_wconf 86' lang='lat' dir='ltr'>uvam.</span> 
     </span>
    </p>

    <p class='ocr_par' dir='ltr' id='par_1_11' title="bbox 17 1469 605 1522">
     <span class='ocr_line' id='line_1_25' title="bbox 17 1469 605 1522; baseline 0.01 -15"><span class='ocrx_word' id='word_1_148' title='bbox 17 1482 18 1489; x_wconf 55' lang='lat'>¹</span> <span class='ocrx_word' id='word_1_149' title='bbox 46 1469 108 1509; x_wconf 88' lang='lat' dir='ltr'>Henc</span> <span class='ocrx_word' id='word_1_150' title='bbox 117 1482 155 1519; x_wconf 79' lang='lat' dir='ltr'>ego</span> <span class='ocrx_word' id='word_1_151' title='bbox 163 1482 213 1510; x_wconf 88' lang='lat' dir='ltr'>cum</span> <span class='ocrx_word' id='word_1_152' title='bbox 221 1472 289 1515; x_wconf 84' lang='lat' dir='ltr'>malis.</span> <span class='ocrx_word' id='word_1_153' title='bbox 299 1483 337 1520; x_wconf 81' lang='lat' dir='ltr'>ego</span> <span class='ocrx_word' id='word_1_154' title='bbox 344 1473 420 1511; x_wconf 83' lang='lat' dir='ltr'>faecem</span> <span class='ocrx_word' id='word_1_155' title='bbox 427 1474 508 1522; x_wconf 87' lang='lat' dir='ltr'>primus</span> <span class='ocrx_word' id='word_1_156' title='bbox 515 1478 537 1513; x_wconf 88' lang='lat' dir='ltr'>et</span> <span class='ocrx_word' id='word_1_157' title='bbox 545 1474 605 1517; x_wconf 73' lang='lat' dir='ltr'>allec.</span> 
     </span>
    </p>

    <p class='ocr_par' dir='ltr' id='par_1_12' title="bbox 17 1520 602 1722">
     <span class='ocr_line' id='line_1_26' title="bbox 17 1520 602 1573; baseline 0.009 -14"><span class='ocrx_word' id='word_1_158' title='bbox 17 1526 18 1531; x_wconf 77' lang='grc'>’</span> <span class='ocrx_word' id='word_1_159' title='bbox 47 1520 130 1560; x_wconf 85' lang='lat' dir='ltr'>Primus</span> <span class='ocrx_word' id='word_1_160' title='bbox 137 1525 159 1559; x_wconf 87' lang='lat' dir='ltr'>et</span> <span class='ocrx_word' id='word_1_161' title='bbox 166 1522 265 1560; x_wconf 87' lang='lat' dir='ltr'>invenior</span> <span class='ocrx_word' id='word_1_162' title='bbox 270 1524 331 1570; x_wconf 88' lang='lat' dir='ltr'>piper</span> <span class='ocrx_word' id='word_1_163' title='bbox 339 1523 418 1568; x_wconf 87' lang='lat' dir='ltr'>album,</span> <span class='ocrx_word' id='word_1_164' title='bbox 429 1535 478 1562; x_wconf 90' lang='lat' dir='ltr'>cum</span> <span class='ocrx_word' id='word_1_165' title='bbox 490 1524 534 1563; x_wconf 86' lang='lat' dir='ltr'>sale</span> <span class='ocrx_word' id='word_1_166' title='bbox 542 1526 602 1573; x_wconf 75' lang='lat' dir='ltr'>nigro</span> 
     </span>
     <span class='ocr_line' id='line_1_27' title="bbox 45 1571 502 1621; baseline 0.004 -12"><span class='ocrx_word' id='word_1_167' title='bbox 45 1571 160 1617; x_wconf 81' lang='lat' dir='ltr'>moretum,</span> <span class='ocrx_word' id='word_1_168' title='bbox 170 1573 228 1621; x_wconf 89' lang='lat' dir='ltr'>puris</span> <span class='ocrx_word' id='word_1_169' title='bbox 235 1573 409 1620; x_wconf 86' lang='lat' dir='ltr'>circumposuisse</span> <span class='ocrx_word' id='word_1_170' title='bbox 417 1574 502 1612; x_wconf 74' lang='lat' dir='ltr'>catillis.</span> 
     </span>
     <span class='ocr_line' id='line_1_28' title="bbox 46 1622 577 1671; baseline 0.004 -11"><span class='ocrx_word' id='word_1_171' title='bbox 46 1622 142 1660; x_wconf 87' lang='lat' dir='ltr'>immane</span> <span class='ocrx_word' id='word_1_172' title='bbox 151 1627 184 1661; x_wconf 89' lang='lat' dir='ltr'>est</span> <span class='ocrx_word' id='word_1_173' title='bbox 190 1624 272 1668; x_wconf 82' lang='lat' dir='ltr'>vitium,</span> <span class='ocrx_word' id='word_1_174' title='bbox 282 1623 332 1661; x_wconf 88' lang='lat' dir='ltr'>dare</span> <span class='ocrx_word' id='word_1_175' title='bbox 341 1624 408 1662; x_wconf 82' lang='lat' dir='ltr'>millia</span> <span class='ocrx_word' id='word_1_176' title='bbox 414 1629 475 1663; x_wconf 85' lang='lat' dir='ltr'>terna</span> <span class='ocrx_word' id='word_1_177' title='bbox 481 1625 577 1671; x_wconf 77' lang='lat' dir='ltr'>macello.</span> 
     </span>
     <span class='ocr_line' id='line_1_29' title="bbox 46 1674 501 1722; baseline 0.002 -12"><span class='ocrx_word' id='word_1_178' title='bbox 46 1676 184 1722; x_wconf 80' lang='lat' dir='ltr'>Angustoque</span> <span class='ocrx_word' id='word_1_179' title='bbox 194 1684 258 1720; x_wconf 77' lang='lat' dir='ltr'>vagos</span> <span class='ocrx_word' id='word_1_180' title='bbox 266 1674 334 1721; x_wconf 86' lang='lat' dir='ltr'>pisces</span> <span class='ocrx_word' id='word_1_181' title='bbox 343 1686 416 1722; x_wconf 86' lang='lat' dir='ltr'>urgere</span> <span class='ocrx_word' id='word_1_182' title='bbox 425 1677 501 1713; x_wconf 80' lang='lat' dir='ltr'>catino.</span> 
     </span>
    </p>

    <p class='ocr_par' dir='ltr' id='par_1_13' title="bbox 45 1723 643 2025">
     <span class='ocr_line' id='line_1_30' title="bbox 45 1723 600 1773; baseline 0.005 -12"><span class='ocrx_word' id='word_1_183' title='bbox 45 1723 124 1772; x_wconf 74' lang='lat' dir='ltr'>Magna</span> <span class='ocrx_word' id='word_1_184' title='bbox 132 1727 203 1761; x_wconf 80' lang='lat' dir='ltr'>movet</span> <span class='ocrx_word' id='word_1_185' title='bbox 211 1723 319 1762; x_wconf 86' lang='lat' dir='ltr'>stomacho</span> <span class='ocrx_word' id='word_1_186' title='bbox 327 1724 418 1768; x_wconf 77' lang='lat' dir='ltr'>fastidia,</span> <span class='ocrx_word' id='word_1_187' title='bbox 426 1736 465 1763; x_wconf 88' lang='lat' dir='ltr'>seu</span> <span class='ocrx_word' id='word_1_188' title='bbox 470 1736 523 1773; x_wconf 85' lang='lat' dir='ltr'>puer</span> <span class='ocrx_word' id='word_1_189' title='bbox 531 1725 600 1764; x_wconf 89' lang='lat' dir='ltr'>unctis</span> 
     </span>
     <span class='ocr_line' id='line_1_31' title="bbox 45 1773 587 1823; baseline 0.004 -12"><span class='ocrx_word' id='word_1_190' title='bbox 45 1773 152 1813; x_wconf 82' lang='lat' dir='ltr'>Tractarit</span> <span class='ocrx_word' id='word_1_191' title='bbox 159 1773 248 1812; x_wconf 82' lang='lat' dir='ltr'>calicem</span> <span class='ocrx_word' id='word_1_192' title='bbox 256 1774 361 1819; x_wconf 82' lang='lat' dir='ltr'>manibus,</span> <span class='ocrx_word' id='word_1_193' title='bbox 370 1775 422 1812; x_wconf 87' lang='lat' dir='ltr'>dum</span> <span class='ocrx_word' id='word_1_194' title='bbox 430 1774 487 1813; x_wconf 80' lang='lat' dir='ltr'>furta</span> <span class='ocrx_word' id='word_1_195' title='bbox 495 1775 587 1823; x_wconf 71' lang='lat' dir='ltr'>ligurrit5</span> 
     </span>
     <span class='ocr_line' id='line_1_32' title="bbox 45 1823 643 1872; baseline 0.005 -11"><span class='ocrx_word' id='word_1_196' title='bbox 45 1824 91 1863; x_wconf 80' lang='lat' dir='ltr'>Sive</span> <span class='ocrx_word' id='word_1_197' title='bbox 99 1825 169 1872; x_wconf 81' lang='lat' dir='ltr'>gravis</span> <span class='ocrx_word' id='word_1_198' title='bbox 177 1827 243 1862; x_wconf 82' lang='lat' dir='ltr'>reteri</span> <span class='ocrx_word' id='word_1_199' title='bbox 251 1830 338 1862; x_wconf 79' lang='lat' dir='ltr'>oraterae</span> <span class='ocrx_word' id='word_1_200' title='bbox 346 1823 409 1863; x_wconf 82' lang='lat' dir='ltr'>limus</span> <span class='ocrx_word' id='word_1_201' title='bbox 416 1825 512 1864; x_wconf 76' lang='lat' dir='ltr'>adhesit.</span> <span class='ocrx_word' id='word_1_202' title='bbox 618 1827 643 1864; x_wconf 81' lang='lat' dir='ltr'>sb</span> 
     </span>
     <span class='ocr_line' id='line_1_33' title="bbox 46 1873 581 1924; baseline 0.007 -14"><span class='ocrx_word' id='word_1_203' title='bbox 46 1873 128 1914; x_wconf 86' lang='lat' dir='ltr'>Vilibus</span> <span class='ocrx_word' id='word_1_204' title='bbox 134 1876 157 1913; x_wconf 94' lang='lat' dir='ltr'>in</span> <span class='ocrx_word' id='word_1_205' title='bbox 167 1875 241 1923; x_wconf 82' lang='lat' dir='ltr'>scopis,</span> <span class='ocrx_word' id='word_1_206' title='bbox 251 1874 273 1912; x_wconf 90' lang='lat' dir='ltr'>in</span> <span class='ocrx_word' id='word_1_207' title='bbox 283 1876 371 1923; x_wconf 81' lang='lat' dir='ltr'>mappis,</span> <span class='ocrx_word' id='word_1_208' title='bbox 381 1875 403 1912; x_wconf 91' lang='lat' dir='ltr'>in</span> <span class='ocrx_word' id='word_1_209' title='bbox 412 1877 480 1920; x_wconf 85' lang='lat' dir='ltr'>scobe,</span> <span class='ocrx_word' id='word_1_210' title='bbox 488 1880 581 1924; x_wconf 88' lang='lat' dir='ltr'>quantus</span> 
     </span>
     <span class='ocr_line' id='line_1_34' title="bbox 45 1924 570 1974; baseline 0 -11"><span class='ocrx_word' id='word_1_211' title='bbox 45 1925 144 1965; x_wconf 85' lang='lat' dir='ltr'>Consistit</span> <span class='ocrx_word' id='word_1_212' title='bbox 151 1926 246 1964; x_wconf 71' lang='lat' dir='ltr'>sumtus?</span> <span class='ocrx_word' id='word_1_213' title='bbox 260 1924 368 1972; x_wconf 81' lang='lat' dir='ltr'>neglectis,</span> <span class='ocrx_word' id='word_1_214' title='bbox 377 1926 481 1973; x_wconf 77' lang='lat' dir='ltr'>flagitium</span> <span class='ocrx_word' id='word_1_215' title='bbox 489 1926 570 1974; x_wconf 75' lang='lat' dir='ltr'>ingens.</span> 
     </span>
     <span class='ocr_line' id='line_1_35' title="bbox 45 1975 541 2025; baseline 0 -11"><span class='ocrx_word' id='word_1_216' title='bbox 45 1975 95 2015; x_wconf 74' lang='lat' dir='ltr'>Ten&#39;</span> <span class='ocrx_word' id='word_1_217' title='bbox 104 1976 186 2025; x_wconf 78' lang='lat' dir='ltr'>lapides</span> <span class='ocrx_word' id='word_1_218' title='bbox 194 1977 262 2015; x_wconf 85' lang='lat' dir='ltr'>varios</span> <span class='ocrx_word' id='word_1_219' title='bbox 270 1975 377 2014; x_wconf 86' lang='lat' dir='ltr'>lutulente</span> <span class='ocrx_word' id='word_1_220' title='bbox 384 1975 541 2025; x_wconf 84' lang='lat' dir='ltr'>rederepalme,</span> 
     </span>
    </p>

    <p class='ocr_par' dir='ltr' id='par_1_14' title="bbox 45 2025 567 2178">
     <span class='ocr_line' id='line_1_36' title="bbox 46 2025 534 2075; baseline 0.004 -11"><span class='ocrx_word' id='word_1_221' title='bbox 46 2025 72 2064; x_wconf 84' lang='lat' dir='ltr'>Et</span> <span class='ocrx_word' id='word_1_222' title='bbox 80 2027 154 2075; x_wconf 76' lang='lat' dir='ltr'>Tyrias</span> <span class='ocrx_word' id='word_1_223' title='bbox 162 2028 212 2066; x_wconf 83' lang='lat' dir='ltr'>dare</span> <span class='ocrx_word' id='word_1_224' title='bbox 220 2027 299 2065; x_wconf 88' lang='lat' dir='ltr'>circum</span> <span class='ocrx_word' id='word_1_225' title='bbox 309 2026 368 2066; x_wconf 88' lang='lat' dir='ltr'>illota</span> <span class='ocrx_word' id='word_1_226' title='bbox 376 2027 451 2065; x_wconf 77' lang='lat' dir='ltr'>toralia</span> <span class='ocrx_word' id='word_1_227' title='bbox 459 2031 534 2071; x_wconf 87' lang='lat' dir='ltr'>vestes,</span> 
     </span>
     <span class='ocr_line' id='line_1_37' title="bbox 45 2077 567 2127; baseline 0.004 -12"><span class='ocrx_word' id='word_1_228' title='bbox 45 2077 147 2122; x_wconf 86' lang='lat' dir='ltr'>Oblitum,</span> <span class='ocrx_word' id='word_1_229' title='bbox 155 2083 235 2126; x_wconf 77' lang='lat' dir='ltr'>quanto</span> <span class='ocrx_word' id='word_1_230' title='bbox 240 2088 313 2116; x_wconf 88' lang='lat' dir='ltr'>curam</span> <span class='ocrx_word' id='word_1_231' title='bbox 318 2082 454 2127; x_wconf 87' lang='lat' dir='ltr'>sumtumque</span> <span class='ocrx_word' id='word_1_232' title='bbox 462 2078 567 2117; x_wconf 89' lang='lat' dir='ltr'>minorem</span> 
     </span>
     <span class='ocr_line' id='line_1_38' title="bbox 46 2126 520 2178; baseline 0.004 -13"><span class='ocrx_word' id='word_1_233' title='bbox 46 2126 98 2167; x_wconf 71' lang='lat' dir='ltr'>Huc</span> <span class='ocrx_word' id='word_1_234' title='bbox 105 2127 205 2174; x_wconf 87' lang='lat' dir='ltr'>babeant,</span> <span class='ocrx_word' id='word_1_235' title='bbox 215 2132 274 2167; x_wconf 68' lang='lat' dir='ltr'>mnbo</span> <span class='ocrx_word' id='word_1_236' title='bbox 282 2129 463 2178; x_wconf 82' lang='lat' dir='ltr'>reprendiJ&#39;ustius</span> <span class='ocrx_word' id='word_1_237' title='bbox 471 2128 520 2174; x_wconf 90' lang='lat' dir='ltr'>illis,</span> 
     </span>
    </p>

    <p class='ocr_par' dir='ltr' id='par_1_15' title="bbox 45 2176 598 2280">
     <span class='ocr_line' id='line_1_39' title="bbox 45 2176 598 2227; baseline 0 -9"><span class='ocrx_word' id='word_1_238' title='bbox 45 2176 97 2218; x_wconf 75' lang='lat' dir='ltr'>Quae</span> <span class='ocrx_word' id='word_1_239' title='bbox 106 2178 147 2217; x_wconf 90' lang='lat' dir='ltr'>nisi</span> <span class='ocrx_word' id='word_1_240' title='bbox 155 2179 255 2218; x_wconf 89' lang='lat' dir='ltr'>divitibus</span> <span class='ocrx_word' id='word_1_241' title='bbox 264 2184 371 2227; x_wconf 82' lang='lat' dir='ltr'>nequeant</span> <span class='ocrx_word' id='word_1_242' title='bbox 377 2180 499 2227; x_wconf 80' lang='lat' dir='ltr'>contingere</span> <span class='ocrx_word' id='word_1_243' title='bbox 507 2180 598 2219; x_wconf 82' lang='lat' dir='ltr'>menslei</span> 
     </span>
     <span class='ocr_line' id='line_1_40' title="bbox 46 2227 557 2280; baseline 0.008 -14"><span class='ocrx_word' id='word_1_244' title='bbox 46 2227 110 2267; x_wconf 87' lang='lat' dir='ltr'>Docte</span> <span class='ocrx_word' id='word_1_245' title='bbox 120 2229 172 2274; x_wconf 83' lang='lat' dir='ltr'>Ceti,</span> <span class='ocrx_word' id='word_1_246' title='bbox 182 2241 220 2279; x_wconf 88' lang='lat' dir='ltr'>per</span> <span class='ocrx_word' id='word_1_247' title='bbox 227 2230 343 2270; x_wconf 85' lang='lat' dir='ltr'>amicitiam</span> <span class='ocrx_word' id='word_1_248' title='bbox 352 2231 458 2280; x_wconf 89' lang='lat' dir='ltr'>Divosque</span> <span class='ocrx_word' id='word_1_249' title='bbox 466 2235 557 2279; x_wconf 76' lang='lat' dir='ltr'>rogetus,</span> 
     </span>
    </p>
   </div>
   <div class='ocr_carea' id='block_1_3' title="bbox 0 0 786 2568">
    <p class='ocr_par' dir='ltr' id='par_1_16' title="bbox 0 0 786 2568">
     <span class='ocr_line' id='line_1_41' title="bbox 0 0 786 2568; baseline 0 1"><span class='ocrx_word' id='word_1_250' title='bbox 0 0 786 2568; x_wconf 95' lang='lat' dir='ltr'> </span> 
     </span>
    </p>
   </div>
  </div>
 </body>
</html>
