1504 2564
171 202 329 242 csRMlNUM
343 202 397 242 LlB.
410 202 440 241 11.
586 205 609 243 st

63 319 106 365 Tu,
115 329 182 368 quum
190 318 283 368 pereutit
290 329 355 367 regna
362 330 399 367 per
407 319 498 359 arduum

63 370 143 411 cohors
152 369 266 418 Gigantum
274 370 383 408 scanderet
390 369 462 419 imple,

92 419 195 458 RIroetum
203 419 303 458 retorsisti
310 419 377 458 leonis

115 470 227 519 Unguibus
234 469 371 519 horribilique
380 470 448 509 mala:

64 522 206 568 Quemquam.
215 520 296 559 choreis
304 521 372 569 aptior
379 526 401 560 et
408 521 461 570 jocis

65 572 168 619 Ludoque
177 571 252 616 dictus,
261 582 304 610 non
314 575 348 609 sat
354 571 443 611 idoneus

91 622 171 670 Pugnae
179 621 289 665 ferebarisr
303 623 341 660 sed
348 621 404 660 idem

116 672 179 710 Pacis
186 682 232 710 eres
239 672 363 720 mediusque
372 672 430 710 belli.

64 722 97 762 Te
104 722 159 761 vidit
166 722 237 761 insons
246 722 347 762 Cerberus
355 733 419 761 aureo

65 774 138 813 Cornu
146 772 252 819 decorum,
261 772 337 811 leniter
346 777 437 812 atterens

91 823 192 869 caudam,
202 827 223 862 et
233 824 351 862 recedentis
359 823 454 874 trilingui

116 874 158 913 Ore
165 874 229 923 pedes
236 874 347 923 tetigitque
355 884 422 913 crure.

254 975 313 1014 ODE
326 974 374 1013 XX.

207 1051 243 1091 Ao
256 1052 424 1090 Mecrrsrrs.

66 1127 118 1167 Nos
127 1127 212 1174 uduo,
221 1138 264 1166 uon
272 1127 332 1167 tenui
339 1126 396 1166 ferar

66 1179 141 1218 Penne
148 1178 243 1217 biformis
250 1189 288 1227 per
295 1178 400 1226 liquidum
407 1177 488 1217 aethere

91 1229 168 1268 Vates:
185 1229 353 1278 nequeirrterris
361 1229 458 1269 morabor

148 1279 220 1318 rr’zus
233 1279 403 1328 invidiaquemuj
405 1290 428 1317 or

65 1329 163 1370 Urbcsre
140 1330 267 1378 reinquom.
294 1330 342 1369 Non
350 1341 388 1378 ego
396 1341 512 1379 pauperum

65 1380 156 1430 singnis
163 1385 282 1430 parentum,
292 1391 335 1419 uon
344 1391 388 1429 ego,
397 1392 461 1431 quem
468 1391 536 1427 voces,

90 1431 175 1473 Dilecto
184 1431 297 1472 Maecenas.
307 1431 375 1477 obibo,

116 1481 209 1530 NecSty
224 1459 437 1521 'arohibebor'unde

65 1533 129 1582 Jemi
131 1543 167 1571 em
175 1485 271 1570 resffiunt
278 1532 374 1571 cruribus
383 1543 493 1585 esperae

66 1583 147 1623 Pelles:
165 1586 187 1622 et
195 1582 268 1621 elbum
275 1583 359 1622 mutor
353 1593 376 1621 ru
384 1580 493 1622 alitem

91 1635 200 1683 superne:
218 1636 374 1682 nascunturque
382 1633 439 1672 leves

117 1685 159 1723 Per
166 1683 242 1732 drgrtos
250 1683 390 1733 humerosque
398 1684 483 1733 plumae.

65 1735 115 1776 Jem
124 1733 227 1774 Daeduleo
235 1735 291 1773 ocior
300 1734 359 1773 Icaro

65 1786 140 1825 viram
148 1785 251 1834 gementis
258 1784 321 1824 litora
328 1784 422 1833 Bospori,

91 1836 205 1885 Syrtesque
214 1834 307 1875 Gaetulos
316 1846 404 1874 canorus

116 1886 168 1925 Ales
176 1885 363 1936 Hyperboreosque
372 1896 464 1934 compos.

66 1937 103 1979 Me
111 1936 209 1983 Colchus,
218 1941 241 1974 et
247 1938 284 1985 qui
292 1935 411 1975 dissimulet
418 1941 498 1974 metum

66 1987 145 2029 Morsae
154 1986 245 2026 cohortis
254 1987 331 2033 Decus,
340 1992 362 2026 et
368 1986 439 2025 ultimi

91 2038 188 2077 Noscerrt
196 2036 280 2076 Geloni
297 2049 331 2076 me
339 2038 419 2087 pentus

117 2088 192 2127 Discet
200 2088 255 2134 lber
266 2088 406 2136 Rhodanique
414 2090 474 2136 potor

66 2138 145 2178 Absint
152 2138 212 2177 inani
219 2138 293 2177 timere
304 2138 386 2184 naeniae,

67 2188 190 2239 Luctusque
199 2194 271 2239 turpes
279 2193 301 2228 et
308 2187 456 2238 querimoniae:

91 2240 205 2290 compesce
213 2240 334 2285 clamorem,
343 2250 369 2277 sc
377 2238 468 2286 sepulcri

118 2291 181 2331 Mitte
189 2302 328 2341 supervacuos
337 2289 433 2328 honores.
551 2295 565 2323 r:
