1520 2572
119 157 155 196 ιιι
268 156 293 197 Q.
307 154 431 195 HORATII
444 154 542 195 adreci

120 270 248 321 Respondet.
273 270 382 310 Laudatur
389 272 417 310 ab
424 270 464 317 his,
473 269 537 319 culpe
537 274 573 308 tur
580 272 609 310 ab
618 271 669 312 illis

119 283 213 361 Fufidius
221 332 295 371 vappa
306 322 385 360 lamam
392 321 454 360 timet
461 331 486 360 ac
494 281 616 368 nebulonis,

120 373 183 412 Dives
192 373 252 420 agris,
261 373 319 411 dives
326 372 399 421 positis
406 371 430 410 ιιι
437 371 518 410 ioeuore
525 373 629 419 nummis,

119 423 200 469 Quinas
207 423 243 461 hio
251 423 316 472 capiti
322 422 429 461 mercedes
437 425 529 467 exsecat,
538 426 604 470 atque

120 473 204 519 Quanto
212 474 313 522 perditior
322 474 411 522 quisque
419 476 458 517 est,
467 475 526 510 tanto
534 473 605 511 acrius
614 476 684 522 urget

120 524 213 562 Nomina
221 528 313 562 sectatur
321 523 384 561 modo
391 527 462 561 sumta
469 525 527 561 veste
534 521 592 561 virili

120 574 164 613 Sub
172 574 267 622 patribus
275 573 333 612 duris
341 574 441 611 tironum
467 572 570 618 Maxime,
580 573 630 621 quis
638 584 689 617 non,

119 624 209 672 Jupiter,
218 624 329 669 exclamat,
339 623 402 662 simul
410 628 474 672 atque
482 622 578 661 audivit?
606 624 665 662 Atin
672 635 695 663 se

120 674 160 713 Pro
169 679 252 722 quaestu
262 678 357 712 sumtum
363 673 415 712 iacit
422 673 465 711 hic.
491 672 534 711 Vix
541 673 629 712 credere
688 674 693 683 '

120 725 190 771 Quam
197 725 238 763 sibi
246 736 288 763 nou
296 725 325 763 sit
331 723 424 768 amicus;
437 724 468 762 ita
475 727 500 761 ut
508 728 569 772 pater
577 722 623 769 ille,
652 722 719 763 erecti

120 775 202 814 Fabula
209 786 273 824 quem
280 776 382 813 miserum
389 779 453 822 gnato
461 774 538 812 vixisse
545 773 622 822 fugato
695 775 717 813 21

120 826 211 886 inducit,
221 837 264 864 nou
272 836 295 863 se
302 826 361 874 pejus
369 825 494 863 cruciaverit
500 828 564 872 atque
573 823 617 862 hic.

120 877 141 915 Si
151 878 198 925 quis
206 888 262 915 nuuc
271 880 358 924 quaerat,
368 875 415 934 Quo
422 886 456 913 res
464 875 510 913 haee
511 874 626 933 'pertineri
640 874 705 914 illua

120 927 178 965 Dum
185 927 254 965 vitant
261 925 384 971 stultivitia,
394 926 417 963 in
425 924 531 964 contraria
538 929 635 964 currunt.

121 977 238 1016 Malthinus
246 976 324 1016 tunicis
333 976 428 1015 demissis
437 973 544 1019 ambulat:
565 975 644 1023 estqui

120 1027 174 1075 lugu
175 1039 202 1066 en
208 1029 236 1066 ad
244 1029 358 1066 obscenum
367 1026 476 1065 subductis
484 1035 551 1073 usque
559 1024 651 1064 facetus.

121 1077 218 1117 Pastillos
227 1077 319 1116 Rufillus
327 1076 376 1122 olet,
387 1076 504 1124 Gargonius
512 1074 604 1114 hircum.

121 1127 157 1166 Nil
165 1128 259 1166 medium
267 1134 306 1167 cst.
327 1128 386 1172 Sunt,
396 1138 433 1175 qur
427 1126 506 1165 nolint
511 1126 605 1174 tetigisse
615 1125 716 1170 nisiillae,

120 1178 215 1223 Quarum
223 1179 312 1217 subsuta
320 1177 374 1216 talos
381 1181 439 1226 tegat
446 1177 520 1215 instita
527 1180 599 1221 veste,

120 1228 197 1267 Contra
205 1229 260 1267 alius
268 1227 356 1274 nullam,
366 1228 408 1266 nisi
416 1228 485 1266 olente
493 1227 517 1265 in
524 1226 605 1266 fornice
613 1231 713 1267 stantem.

120 1278 211 1320 Quidam
220 1284 281 1318 notus
290 1279 354 1317 homo
362 1290 429 1327 quum
437 1278 505 1316 exiret
513 1277 601 1324 fornice,
612 1278 683 1317 Macte
694 1277 715 1316 tl

120 1329 203 1368 Virtute
210 1334 255 1368 esto
256 1330 337 1378 ,iuquit
344 1329 449 1368 sententia
457 1329 493 1366 dia
501 1327 600 1374 Catonis;

121 1379 177 1418 Nam
184 1380 248 1419 simul
257 1391 281 1418 ac
289 1390 354 1418 venas
362 1380 445 1418 inflavit
454 1383 508 1417 tetra
516 1378 590 1423 libido,

121 1429 169 1468 lluc
174 1431 263 1478 juvenes
271 1441 356 1478 aequum
364 1434 397 1468 est
405 1429 538 1474 descendere,
547 1439 591 1467 non
599 1427 684 1468 alienas

121 1479 240 1519 Permolere
248 1491 332 1519 uxores
359 1480 431 1519 Nolim
438 1479 550 1524 laudaner
559 1477 637 1527 inquit,

121 1530 155 1569 Sic
163 1542 203 1578 me,
211 1531 299 1569 mirator
306 1542 371 1569 cunni
365 1531 507 1579 'Cupiennius
515 1529 566 1568 albi.

121 1582 200 1621 Audire
209 1587 241 1620 est
248 1591 317 1629 operae
326 1581 423 1629 pertium,
433 1580 545 1629 procedere
554 1582 611 1618 reete

121 1632 163 1677 Qui
171 1632 259 1671 maechis
268 1643 311 1669 non
318 1631 389 1676 vultis,
398 1635 423 1669 ut
431 1631 489 1669 omni
497 1635 556 1680 parte
562 1629 669 1676 laborent,

122 1681 192 1731 thue
201 1682 244 1721 illis
251 1682 318 1720 multo
326 1686 424 1730 corrupta
432 1681 504 1719 dolore
512 1679 617 1729 voluptas,

121 1734 191 1782 Atque
199 1733 245 1771 haec
254 1743 301 1770 rara
309 1733 372 1771 cadat
380 1733 433 1770 dura
441 1732 497 1770 inter
508 1730 718 1780 erumpendum

121 1783 163 1823 Hie
171 1795 194 1822 se
202 1783 333 1832 praecipitem
341 1787 397 1821 tecto
406 1781 526 1827 dadit;i11e
534 1781 625 1829 flagellis

122 1834 155 1872 Ad
163 1840 252 1873 mortem
260 1843 338 1877 caesus3
351 1833 435 1881 fugiens
442 1832 478 1870 hic
486 1831 566 1871 decidit
573 1842 645 1871 acrem

122 1883 264 1923 Praedonum
257 1895 280 1922 m
289 1884 384 1928 turbanu
403 1883 462 1922 dedit
468 1882 504 1921 hio
512 1893 550 1932 pro
558 1893 647 1932 corpore
658 1894 718 1922 uum-

170 1946 228 1978 mos;

121 1985 185 2023 Hunc
192 1986 353 2033 perminxerunt
361 1984 457 2028 calones,
473 1984 526 2032 quin
534 1984 598 2022 etiam
607 1982 663 2022 illud

122 2035 211 2079 Accidit,
219 2040 244 2073 ut
252 2035 337 2072 cuidam
344 2039 409 2073 testes
416 2035 548 2083 caudamque
557 2033 650 2073 salacem

123 2085 335 2124 Demeteretr'errum.
362 2084 505 2124 Jureomnes:
520 2084 589 2122 Galba
596 2085 694 2133 negabat.

122 2135 196 2173 Tutior
205 2140 227 2172 at
234 2140 314 2182 quanto
322 2146 382 2173 merx
390 2135 452 2173 estin
461 2135 528 2174 classe
538 2135 644 2174 secunda!

123 2183 277 2223 Libertinaruru
286 2186 338 2231 dico,
350 2185 460 2225 Sallustius
468 2187 491 2224 iu
500 2197 552 2234 quae
