1520 2572
199 222 371 262 SATIRARUM
384 223 441 262 LlB.
457 223 474 261 1.
601 226 634 262 1³1

37 337 84 379 Nec
92 336 163 376 soleas
170 337 233 384 lacit3
247 342 305 378 sutor
312 344 384 378 tamen
393 342 426 378 est
438 339 529 388 sapiens.
556 338 610 379 Qui?

37 387 73 434 Ut,
83 388 182 435 quamvis
191 392 247 428 tacet
255 390 405 438 Hermogenes.
412 394 486 429 cantor
492 394 564 428 tamen
572 393 636 438 atque

37 439 139 488 Optimus
147 440 315 485 estmodulaton
329 445 355 479 ut
363 440 453 480 Alfenus
460 441 520 480 vaist
527 440 585 479 omni
600 441 636 478 130

37 489 130 536 Abjecto
139 488 279 529 instrumento
288 491 345 536 artis,
355 491 469 540 clausaque
476 492 571 537 taberna,

37 539 102 577 Sutor
111 543 167 577 erat:
186 541 269 590 sapiens
278 542 347 590 operis
355 542 385 581 sic
394 543 487 591 optimus
496 541 565 581 omnis
599 541 619 565 ¹

37 590 77 628 Est
85 588 158 648 opifex
166 590 229 636 solus,
238 592 268 631 sic
276 604 322 630 rex.
348 592 437 631 vellunt
445 593 484 631 tibi
492 593 581 632 barbam
596 572 635 645 L

35 639 121 679 Lasciri
128 641 196 688 pueri,
207 652 259 689 quos
268 646 292 680 tu
300 643 323 681 ui
330 642 386 681 fuste
394 654 484 688 coerces,

37 690 125 738 Urgeria
133 691 197 729 turba
205 692 284 731 circum
293 697 314 730 ta
323 696 399 737 stante,
408 693 515 742 miserque

38 740 154 789 Rumperis
162 745 184 780 et
192 741 263 788 latras,
272 752 398 790 magnorum
405 744 499 781 maxime
507 754 580 792 regum
588 743 593 780 l

39 791 73 829 Nc
82 790 171 839 longum
179 791 268 829 faciam:
283 793 334 830 dum
342 797 367 830 tu
375 794 492 841 quadrante
500 793 594 832 lavatum

38 832 89 880 bsx
98 841 147 886 ibis,
157 853 227 889 neque
235 844 256 879 tc
265 842 378 889 quisquam
387 841 474 890 stipator
483 844 518 881 ine
533 848 579 882 tum

38 892 121 930 Praeber
129 892 249 940 Crispinum
258 892 374 930 sectabitur
379 904 384 936 ;
399 892 482 933 etmihi
490 856 562 933 dulces

38 942 160 991 Ignosccnt,
170 942 188 981 si
197 942 249 1030 quid
257 952 345 990 peccaro
354 942 436 988 stultus,
446 943 515 988 amici,
601 945 637 983 140

38 992 108 1042 Inque
116 993 185 1031 vicem
194 994 200 1031 i
211 993 279 1031 lorum
288 992 357 1041 patiar
365 993 442 1030 delicta
449 992 546 1038 libenter,

38 1043 180 1092 Privatusque
189 1043 257 1092 magis
264 1044 422 1092 vivamterege
431 1044 512 1083 beatus.
614 1052 668 1185 ἢ

259 1197 365 1237 SATlRA
378 1198 416 1237 lV.

8 1308 10 1325 l
38 1299 150 1343 Euronn,
160 1302 224 1347 atque
238 1299 343 1347 cratinus,
353 1301 553 1351 Aristophanesque,
561 1305 637 1350 poatae,

39 1353 110 1398 Atque
119 1348 164 1394 alii,
176 1360 265 1397 quorum
274 1353 377 1391 comoedia
384 1354 453 1402 prisca
460 1354 553 1391 virorum
561 1358 599 1397 est,

39 1401 60 1438 Si
69 1400 119 1448 quis
127 1403 174 1437 erat
181 1400 256 1448 dignus
265 1402 361 1448 describi,
372 1405 428 1452 quod
436 1403 511 1449 malus,
523 1408 561 1443 aut
570 1404 611 1451 fur,

38 1451 102 1497 Quod
109 1448 207 1488 moechus
217 1451 277 1497 foret,
288 1457 325 1491 aut
333 1454 427 1500 sicarius,
437 1460 475 1494 aut
483 1454 563 1504 alioqui

38 1501 149 1546 Famosus,
159 1500 227 1539 multu
235 1514 285 1541 curn
292 1503 389 1543 libertate
397 1506 507 1544 notabant.

39 1551 96 1591 Hinc
104 1551 175 1589 omnis
183 1554 262 1600 pendet
270 1553 370 1600 Lucilius,
380 1555 443 1595 hosce
451 1560 542 1601 secutus,

39 1602 130 1641 Mutatis
138 1606 223 1642 tanturn
231 1604 321 1652 pedibus
329 1608 474 1656 numerisque,
487 1606 576 1654 facetus,

39 1653 153 1691 Emunctae
162 1653 226 1698 naris,
236 1654 301 1692 durus
310 1665 434 1703 componere
442 1667 526 1695 versus:

38 1703 96 1742 Nam
103 1703 147 1741 fuit
154 1701 195 1743 hoc
204 1703 302 1746 vitiosus:
316 1705 339 1742 in
347 1705 400 1743 hora
408 1714 465 1755 saepe
473 1708 582 1754 ducentos,

39 1753 68 1792 Ut
74 1764 185 1802 magnum,
195 1764 269 1792 versus
278 1754 372 1793 dictabat
379 1761 437 1795 stans
445 1758 498 1805 pede
507 1758 530 1796 in
539 1769 595 1803 uno;
615 1758 637 1797 10

39 1804 111 1851 Quum
119 1803 196 1843 fluerat
205 1803 330 1850 lutulentus,
340 1811 385 1843 erat
393 1807 450 1855 quod
458 1807 532 1846 tollere
540 1808 615 1861 velles,

39 1853 151 1900 Garrulus,
160 1856 224 1902 atquc
232 1855 291 1903 piger
299 1855 404 1895 scribendi
413 1858 467 1895 terre
476 1857 576 1904 laborem,
669 1896 675 1906 ,

37 1904 213 1945 scubendi‘recta
219 1916 224 1949 ;
238 1915 289 1943 narn
296 1910 322 1943 ut
330 1906 428 1954 multum,
438 1908 468 1946 nil
476 1919 552 1947 moror.
568 1909 628 1956 Ecce,

38 1952 149 2016 Crispinus
156 1955 245 1994 minimo
253 1966 287 1994 me
296 1962 404 2004 provocat:
423 1957 507 2007 Accipe,
517 1959 534 1997 si
540 1960 578 2005 vis,

38 2004 150 2055 Accipiam
158 2004 253 2050 tabulam
268 2007 329 2044 detur
335 2007 396 2046 nobis
404 2007 468 2053 locus,
477 2009 536 2055 horu,

38 2054 154 2100 canadam
166 2056 283 2102 rideamus,
292 2061 340 2095 uter
346 2057 395 2106 plus
403 2059 493 2098 scribere
501 2060 573 2109 possit.

38 2106 67 2147 Di
74 2107 132 2146 baua
140 2105 243 2154 fecerunt,
252 2107 322 2156 inopis
330 2119 365 2146 me
372 2110 472 2158 quodque
480 2110 552 2159 pusilli

38 2156 159 2199 nutarunt
166 2157 240 2203 anisii,
247 2169 295 2198 raro
303 2162 325 2196 et
331 2170 438 2208 perpauco
445 2160 560 2209 loquentiu

38 2207 68 2249 At
75 2206 221 2249 baconciuaas
228 2208 315 2247 hircinis
323 2209 410 2251 follibus
418 2222 487 2256 auras,

37 2257 113 2311 linqua
120 2258 247 2303 laborantes,
257 2261 308 2300 dum
316 2260 395 2300 farrum
404 2261 487 2302 molliat
495 2262 555 2312 ignia,
612 2266 636 2301 20
