1520 2572
98 190 134 228 lle
250 188 274 236 Q.
289 186 413 226 HORATII
427 186 526 226 sulcet

147 305 220 343 Certus
227 304 322 343 undenos
330 303 399 342 decies
407 312 519 352 perennes

147 355 208 394 Orbis
216 359 241 393 ut
248 359 321 393 cantus
328 354 446 402 referetque
454 353 524 398 ludos,

147 406 188 445 Ter
195 405 229 444 die
237 405 299 449 claro,
309 405 412 451 totiesque
418 407 478 452 grata

298 456 364 493 Nocte
372 455 499 504 frequentes.

148 506 238 555 Vosque,
249 516 332 545 veraces
340 505 446 549 cecinisse,
457 504 535 549 ruse,

148 558 208 603 Quod
217 557 281 595 semel
290 557 370 595 dictum
378 560 416 600 est,
426 554 549 603 stabilisque
555 564 631 592 rerum

148 607 260 646 Terminus
267 610 341 651 servat,
351 607 406 645 bonu
411 607 456 654 ism
464 605 555 654 peractis

297 657 382 705 lungite
391 657 441 695 fatu.

148 708 231 748 Fertilis
238 708 322 756 frugum
330 708 453 756 pecorisque
461 703 534 745 Tellus

148 759 221 808 Spicee
229 759 294 797 donet
301 759 397 797 Cererem
406 767 494 797 corona:

148 808 249 848 Nutriant
255 809 310 847 fetus
319 813 341 847 et
348 819 416 857 aquae,
424 807 521 847 salubres

298 859 326 898 Et
333 859 391 898 lovis
402 869 465 897 aurai.

148 909 236 949 Condito
243 910 300 948 mitis
307 909 444 958 placidusque
450 909 493 948 telo

149 958 258 1010 Supplices
266 961 316 999 audi
324 971 406 1009 pueros,
417 959 505 1009 Apollo:

149 1011 244 1050 Siderum
252 1011 324 1060 regina
331 1010 429 1054 bicornis.
438 1010 496 1057 audi,

298 1061 365 1107 Luna,
373 1060 462 1110 puellas.

150 1112 218 1151 Romu
226 1113 243 1151 si
251 1116 343 1152 vestrum
350 1116 382 1150 est
389 1123 448 1161 opus,
459 1110 549 1160 lliaeque

149 1163 208 1203 Litus
217 1163 329 1203 Etruscum
337 1166 424 1201 tenuere
435 1166 516 1207 turine,

150 1213 212 1253 Jusse
220 1225 267 1264 pars
275 1217 357 1252 mutare
365 1213 429 1252 Lares
439 1218 460 1252 et
468 1213 542 1252 urbem

299 1265 379 1314 Sospite
387 1274 461 1308 cursu;

151 1314 189 1353 Cui
196 1326 234 1364 per
241 1315 349 1353 ardentem
358 1315 402 1353 sine
410 1314 484 1353 fraude
492 1313 578 1361 Trojsm

151 1366 224 1405 castus
233 1365 310 1404 AEneas
318 1366 391 1414 patriae
400 1368 505 1414 superstes

150 1415 249 1454 Liberum
257 1415 348 1454 munivit
355 1416 401 1457 iter.
411 1416 497 1454 daturus

299 1465 363 1504 Plura
369 1465 458 1504 relictis:

152 1515 186 1562 Di,
195 1516 270 1566 probos
278 1527 346 1556 mores
354 1515 418 1555 docili
423 1517 524 1564 juvente,

152 1566 186 1613 nl,
197 1567 299 1606 senectuti
304 1566 393 1615 placide
401 1568 501 1615 quietem,

154 1617 250 1657 Romule
258 1618 317 1666 genti
325 1618 373 1656 date
378 1622 467 1666 remque
475 1615 600 1667 prolemque

301 1667 328 1706 Et
335 1668 399 1707 decus
407 1678 476 1706 omne.

151 1717 234 1768 Quique
241 1729 278 1758 vos
285 1719 355 1758 bubus
363 1722 474 1757 veneratur
482 1717 542 1762 albis,

151 1767 224 1808 Clarus
232 1768 331 1808 Anchises
337 1768 467 1817 Venerisque
475 1769 567 1817 sanguis,

152 1817 249 1867 Imperet.
259 1818 351 1857 bellante
359 1819 421 1868 prior,
430 1819 536 1867 jacentem

300 1868 363 1908 Leuls
370 1869 393 1907 lu
403 1868 494 1907 hostem.

152 1918 201 1956 Jam
208 1919 262 1957 mari
270 1922 366 1968 terraque
373 1929 450 1957 manus
458 1922 555 1968 potentes

153 1967 235 2014 Medus,
245 1968 380 2017 Albanasque
388 1969 449 2008 timet
457 1980 552 2008 secures:

153 2017 201 2055 lam
210 2018 292 2068 Scythae
300 2029 399 2067 responsa
407 2023 489 2067 petunt,
498 2019 584 2069 superbi

301 2069 379 2117 Nuper,
390 2073 411 2107 et
419 2069 474 2107 lndi.

152 2117 201 2155 Jam
209 2118 277 2162 Fides,
286 2122 308 2156 et
316 2119 367 2162 Pax.
377 2123 399 2157 et
407 2119 486 2165 Honor,
497 2119 610 2169 Pudorque

152 2166 241 2213 Priscus,
251 2173 272 2206 et
280 2168 375 2216 neglecta
382 2169 450 2207 redire
459 2169 531 2209 Virtus

152 2217 233 2256 Audet:
248 2222 375 2267 apparetque
383 2219 446 2257 beata
455 2218 520 2268 pleno

299 2267 363 2316 copia
372 2279 443 2307 cornu.
