1520 2572
209 183 382 223 SATIRARUM
395 184 450 222 LlB.
465 185 482 223 Ι.
606 186 641 223 129

44 300 100 340 Haeo
108 309 143 338 res
150 302 172 337 et
177 300 253 348 jungit,
260 300 344 348 junctos
352 303 374 338 et
382 303 451 338 servet
459 299 545 338 amicos.

44 352 74 390 At
81 360 122 389 nos
129 350 216 389 virtutes
224 350 280 399 ipses
287 351 418 395 invertimus,
427 354 491 398 atque

43 403 156 440 Sincerum
164 401 259 449 cupimus
267 412 304 440 vas
312 402 435 440 incrustare.
463 401 542 439 Probus
551 399 598 448 quis

43 452 163 492 Nobiscum
171 452 228 496 vivit,
237 451 328 490 multum
337 453 439 491 demissus
446 451 520 496 homor
533 450 566 488 illi

43 503 117 542 Turdo
125 512 240 550 cognomen
247 503 321 552 pingui
329 507 352 541 et
359 504 440 542 demus.
459 502 560 550 Hicibgit
567 511 640 539 omnes

43 553 144 599 Insidias,
154 552 250 600 nullique
258 553 315 592 malo
323 553 380 592 latus
388 553 447 591 obdit
456 557 558 601 apertum,

43 605 118 650 Quum
126 615 192 651 genus
199 603 240 641 hoe
248 603 303 641 inter
311 604 360 641 viiae
369 607 468 649 versetur,
477 604 515 642 ubi
523 603 576 642 acris
614 603 640 640 60

42 654 131 693 Invidia
139 658 202 702 stque
209 653 281 700 vigent
288 653 326 691 ubi
335 653 434 691 erimine:
448 665 485 701 pro
494 654 548 692 bene
556 664 608 692 ssno

44 705 77 743 Ac
85 715 129 742 uon
137 705 231 749 incauto,
239 703 312 741 lictum
321 708 456 751 astutumque
464 715 569 742 vocamus.

43 753 166 803 Simplicior
174 754 222 803 quis
230 756 252 791 et
259 758 296 797 est.
306 753 391 802 qualem
399 765 433 791 me
442 764 497 801 saepe
505 754 597 794 libenter

43 804 165 845 obtulerim
173 805 219 847 tibi.
229 803 342 850 Maecenas,
352 808 377 842 ut
384 804 437 842 forte
446 803 550 852 legentem

42 857 89 895 Aut
96 856 186 894 taciturn
195 853 292 902 impellet
299 854 374 902 quovis
386 864 482 892 sermone
490 854 602 895 molestus:

43 906 159 946 Communi
167 916 231 944 sensu
239 904 303 953 plene
311 908 374 950 cerer,
384 904 499 952 inquimus.
526 905 599 944 Eheu!

42 959 115 1004 Quam
124 961 203 995 temere
212 955 233 993 in
242 958 326 993 nosmet
332 954 401 1002 legem
409 954 515 992 sancimus
522 955 629 1003 iniquam!

42 1008 62 1047 N
65 1018 102 1046 sm
109 1007 167 1045 vitiis
175 1017 238 1045 nemo
246 1006 291 1044 sine
300 1005 403 1049 nescitum
421 1004 511 1052 optimus
519 1004 556 1043 ille
564 1010 601 1050 est,

42 1059 87 1105 Qui
101 1057 196 1095 minimis
213 1060 306 1105 urgetur.
333 1055 420 1094 Amicus
434 1054 508 1101 dulcis,
518 1059 543 1094 ut
554 1065 641 1103 aequum

94 1111 133 1153 est.

42 1160 97 1198 Cum
106 1168 155 1197 mea
163 1161 285 1206 compenset
292 1157 348 1195 vitiis
356 1157 419 1202 bone,
428 1154 524 1204 pluribus
532 1155 596 1202 bisce,
616 1157 641 1195 7⁰

42 1210 65 1248 Si
74 1209 139 1247 modo
147 1207 208 1256 pluro
216 1208 270 1246 mibi
278 1209 334 1246 bona
342 1211 399 1253 sunt,
408 1205 504 1246 inclinet.
530 1206 602 1246 rimari

43 1261 66 1299 si
74 1258 133 1298 volet
140 1259 180 1297 hac
188 1258 241 1306 lege,
250 1260 272 1297 in
281 1260 361 1297 trutino
368 1262 459 1307 ponetur
466 1257 548 1295 eedem.

42 1310 93 1356 Qui,
103 1320 131 1347 ne
142 1309 250 1348 tuberibus
258 1310 347 1358 propriis
355 1308 449 1347 offendet
456 1307 555 1354 amicum,

43 1359 147 1405 Postulat,
156 1361 250 1408 ignoscet
257 1360 349 1399 verrucis
357 1360 425 1399 illius:
443 1369 530 1408 aequum
538 1362 575 1405 est,

42 1411 140 1450 Peccatis
148 1410 232 1449 venium
240 1415 361 1460 poscentem
369 1411 456 1449 reddere
464 1420 543 1448 rursus.

42 1461 150 1509 Denique,
159 1465 263 1509 quatenus
272 1461 341 1500 excidi
349 1462 434 1510 penitus
443 1461 518 1499 vitium
527 1461 571 1505 irre,

43 1513 119 1552 cetera
127 1512 179 1550 item
186 1515 295 1559 nequeunt
303 1511 373 1551 stultis
381 1511 494 1555 haerentia;
512 1522 550 1550 cur
557 1522 601 1551 non

43 1562 177 1602 Ponderibus
185 1561 318 1610 modulisque
327 1562 370 1601 suis
378 1563 432 1601 ratio
440 1562 513 1606 utitur.
523 1572 554 1607 ac,
564 1574 597 1602 res

42 1612 73 1652 Ut
82 1623 174 1662 quaeque
182 1617 220 1658 est,
229 1612 259 1650 its
266 1611 375 1660 suppliciis
383 1612 563 1653 delictacoercetl
636 1584 659 1661 ἱ

42 1663 64 1702 Si
73 1664 123 1712 quie
131 1672 180 1701 eum
188 1673 277 1708 servum,
286 1663 381 1710 petinam
390 1664 426 1711 qui
434 1661 584 1710 tolleiejussus
615 1665 640 1703 80

42 1714 140 1754 Semeros
148 1713 216 1762 pisces
223 1713 362 1761 tepidumque
369 1712 483 1760 ligurrierit
487 1714 529 1760 jus,

44 1763 70 1804 In
79 1775 142 1803 eruce
151 1763 243 1811 ruffinum
261 1762 358 1801 Labeone
367 1763 461 1800 insanior
468 1763 524 1801 inter

43 1815 110 1855 Sanos
119 1814 219 1857 discurri
245 1813 330 1854 Quanto
338 1813 378 1852 boe
386 1812 485 1851 furiosius
493 1817 558 1861 atque

43 1865 115 1915 Maius
124 1869 235 1913 peccatum
244 1869 287 1902 est:
301 1863 397 1912 paullum
407 1861 496 1911 deliquit
504 1864 590 1910 amicus,

42 1917 116 1965 (Quod
123 1915 167 1953 nisi
173 1915 283 1960 concedes,
292 1913 384 1953 habeare
393 1914 503 1960 insuavis)
511 1916 599 1954 acerbus

42 1966 112 2007 Odisti
118 1972 144 2004 et
150 1964 213 2014 iugis,
221 1969 246 2003 ut
255 1965 363 2005 Rusonem
371 1965 453 2003 debitor
460 1965 514 2010 reris,

43 2017 85 2064 Qui
93 2017 142 2061 nisi,
151 2024 219 2065 ouum
227 2016 298 2055 tristes
305 2015 382 2054 misero
389 2025 465 2054 venere
475 2014 579 2063 calendae,

42 2066 168 2109 uenerem
175 2071 213 2109 out
221 2076 318 2105 nummos
323 2066 380 2105 unde
386 2066 444 2105 unde
452 2066 548 2111 extricat,
557 2076 640 2106 emeras

42 2116 223 2169 succensurum
231 2116 337 2163 historias,
345 2118 440 2165 captivus
448 2120 479 2161 ut,
489 2116 554 2154 audit.
565 2124 582 2187 4

42 2164 176 2211 comminxil
182 2167 261 2207 lectum
268 2171 337 2217 potus,
346 2177 445 2207 mensave
453 2166 550 2206 cetilbun
614 2169 640 2207 90

42 2214 139 2267 Dm&
146 2218 245 2259 menibus
251 2219 327 2258 tritum
335 2218 421 2268 dejecit?
438 2218 467 2257 ob
473 2217 529 2258 bruc
536 2228 588 2265 rem,

499 2270 543 2317 12
