1562 2568
109 189 147 227 000
273 188 298 229 Q.
313 186 437 227 Honn'rn
450 185 549 226 runem

110 303 175 352 Optat
183 303 284 353 ephippia
293 303 331 342 bos
339 303 407 352 piger3
423 306 483 351 optat
491 313 551 341 arere
560 302 658 342 caballus
667 315 671 341 :

110 355 180 401 Quam
190 355 230 394 seit
235 358 331 403 uterque,
339 354 408 392 libens
413 354 522 400 (censebo)
529 360 630 393 exerceat
636 358 712 393 artem.

93 418 143 541 >³

308 524 447 565 EPISTOLA
460 525 507 564 XV.

260 627 295 665 Ab
309 627 446 666 Nurronruu
461 626 558 666 Vrnru.

110 705 165 751 Qus!
174 704 202 742 sit
210 703 279 742 hiems
288 701 362 748 Veliae.
371 701 520 751 quodcoelum,
528 700 588 745 Vala,
599 700 692 747 Salerni,

110 756 204 843 Quorgm
217 754 329 792 hominum
343 755 407 802 regio,
417 757 439 792 et
446 752 516 802 qualia
524 752 568 797 νίκη
583 752 645 799 (num
658 754 714 793 mihi

179 815 224 843 aras

111 855 174 894 Musa
182 865 323 904 supervacuas
332 855 444 898 Antonius,
454 858 476 892 et
485 858 556 893 tamen
565 851 609 891 illis

111 907 147 945 Me
154 906 206 945 fucit
214 905 313 951 invisum,
321 904 392 953 gelida
399 915 449 943 eum
457 903 542 952 perluor
550 904 610 942 unda

111 956 151 995 Per
158 956 253 995 medium
261 956 334 1003 frigus.
360 956 415 994 Sane
422 959 515 993 murteta
523 953 622 1002 relinqui,

111 1007 216 1055 Dictaque
224 1011 342 1046 cessantem
350 1006 420 1044 nervis
428 1004 507 1043 elidere
515 1005 614 1042 morbum

110 1058 218 1107 sulphura
226 1057 340 1102 contemni,
349 1057 408 1095 vicus
416 1056 488 1104 gemit,
495 1055 580 1104 invidus
589 1054 661 1102 oegris,

110 1108 152 1149 Qui
163 1113 227 1158 eaput
235 1114 257 1146 et
265 1107 397 1147 stomachum
406 1117 524 1155 supponere
530 1105 625 1143 fontibus
631 1104 716 1145 audent

111 1158 209 1201 Clusinis.
220 1159 340 1206 Gabiosque
349 1161 431 1206 petunt,
442 1162 464 1194 et
471 1155 548 1203 frigida
556 1166 613 1194 rura.

111 1209 228 1248 Mutandus
237 1209 295 1248 loeus
304 1214 341 1250 est.
352 1212 373 1246 et
382 1207 495 1245 diversoria
504 1211 555 1244 note
691 1207 715 1245 10

112 1259 285 1308 Praeteregendus
291 1270 369 1307 equus:
381 1259 428 1303 Quo
436 1257 515 1296 tendis!
524 1267 567 1295 non
574 1255 628 1294 mihi
635 1257 714 1297 Cumas

112 1310 149 1349 Est
157 1310 203 1356 iter,
213 1315 251 1349 eut
260 1311 329 1353 Baias.
339 1308 393 1347 laeva
401 1307 547 1347 stomachosus
555 1306 642 1345 habena

112 1361 174 1399 Dicet
182 1372 258 1410 aquea:
271 1362 308 1400 sed
316 1360 366 1408 equi
374 1359 457 1399 frenato
465 1362 497 1397 est
504 1357 561 1397 auria
570 1358 593 1395 in
601 1368 639 1396 ore
647 1359 663 1404 ε)

112 1411 181 1459 Maior
188 1415 260 1450 utrum
268 1411 372 1460 populum
379 1409 481 1448 frumenti
489 1408 550 1457 copia
559 1413 645 1455 pascam

111 1461 242 1501 collectosne
251 1462 326 1500 bibant
333 1461 417 1501 imbres.
427 1464 530 1509 puteosne
538 1469 644 1506 perennes

112 1511 172 1561 tugis
181 1523 254 1561 aqnae3
269 1514 328 1559 (nam
336 1514 387 1549 vina
395 1510 449 1549 nihii
457 1521 527 1548 moror
535 1508 594 1548 illius
603 1520 647 1549 oroe
656 1522 660 1547 :

112 1562 171 1601 Rure
179 1573 226 1600 meo
235 1573 320 1611 possum
329 1563 412 1610 quidvis
420 1562 512 1609 perferre
520 1560 607 1609 patique
615 1571 620 1603 ;

112 1613 146 1652 Ad
154 1624 212 1652 mare
221 1624 286 1662 quum
295 1613 351 1657 neni,
360 1622 485 1660 generosum
494 1616 515 1649 et
525 1609 574 1648 lene
581 1611 675 1657 requiro,

111 1664 174 1710 Quod
181 1674 242 1703 ouras
251 1664 328 1711 abigat,
338 1663 395 1711 qued
404 1673 454 1701 eum
462 1672 498 1709 spo
507 1661 573 1699 divite
581 1666 656 1699 munet

112 1714 138 1752 in
146 1725 211 1753 nenas
218 1715 355 1761 animumque
364 1724 442 1756 meum.
452 1713 509 1760 quod
517 1712 583 1750 verba
590 1711 705 1756 ministret,

99 1764 104 1773 '
112 1766 175 1810 Quod
183 1776 217 1804 me
226 1765 318 1803 Lucanae
324 1765 425 1811 juvenem
436 1762 572 1801 commendet
580 1762 657 1800 umieae
665 1748 745 1822 2521]

112 1814 200 1855 Tractus
206 1820 254 1854 uter
259 1813 330 1864 plures
338 1814 425 1862 lepores,
435 1817 482 1851 nter
490 1813 567 1850 educet
574 1822 638 1860 apros
646 1825 651 1850 :

112 1865 165 1905 Utro
173 1867 239 1914 magis
247 1866 315 1914 pisces
324 1870 346 1902 et
353 1864 439 1902 echinos
447 1873 534 1911 aequore
542 1861 620 1907 celent,

113 1915 199 1965 Pinguis
208 1922 232 1954 ut
240 1916 290 1954 inde
299 1916 385 1953 domurn
393 1914 472 1963 possim
481 1913 701 1960 Phaeanquerererti3

112 1966 206 2005 Scribere
215 1965 311 2010 tenebis,
320 1966 360 2003 tibi
369 1977 407 2002 nos
415 1965 532 2009 accredere,
542 1972 581 2015 per
589 1966 631 2005 ert.

113 2015 212 2061 Maenius,
220 2021 250 2062 ut,
260 2017 322 2054 rebus
331 2015 432 2054 maternis
440 2020 504 2064 atque
513 2013 610 2063 paternis

113 2064 202 2104 Fortiter
210 2066 320 2109 absumtis,
329 2067 423 2104 urbanus
432 2067 497 2114 eoepit
503 2064 586 2110 haberi.

113 2114 189 2154 Scurra
196 2127 268 2164 vagus,
278 2128 320 2154 non
329 2117 366 2164 qui
375 2121 457 2154 eertum
468 2126 565 2165 praesepe
572 2119 665 2164 temet,
708 2136 712 2145 =

114 2163 236 2214 impransus
245 2177 288 2204 non
297 2167 333 2214 qui
343 2168 411 2205 civem
420 2167 553 2215 nignosearer
559 2165 632 2213 bem,

113 2213 220 2255 Quaslibet
228 2217 249 2254 in
259 2217 355 2265 quemvis
364 2217 475 2266 opprobrio
482 2219 562 2267 tingere
569 2226 652 2265 write,
692 2216 717 2259 00

683 2364 692 2377 .

709 2382 716 2405 ι
756 2378 762 2386 .
