1504 2564
118 189 141 228 74
281 188 305 229 Q.
319 185 554 226 nominantem

167 303 254 342 Larum
261 302 348 341 marinae
357 302 393 351 qui
402 301 489 341 Veneris
496 301 554 341 latur

167 353 269 393 Custodit.
295 352 343 398 Hic,
352 353 387 391 hic
394 354 466 403 ponite
472 352 545 391 lucida

191 404 287 448 Funalia‚
296 407 318 441 et
324 407 399 449 vectes,
409 408 430 442 et
438 414 498 442 arcua

216 454 321 504 Oppositia
328 453 408 492 loribus
416 454 516 492 minaces.

166 505 185 544 0
192 515 240 553 quar
248 505 339 550 beatam,
350 504 410 550 Diva,
419 508 478 543 tener
486 504 584 553 Cyprum,
594 509 617 544 et

167 555 277 604 Memphin
285 558 392 593 carentem
401 554 497 593 Sithonia
504 555 560 601 nive,

191 606 279 654 Regina,
285 605 371 644 sublimi
378 605 462 654 flagello

216 656 287 705 Tange
297 655 376 695 Chloen
383 655 450 695 aemel
458 659 597 705 arrogantem.

329 874 388 913 ODE
400 873 493 913 XXVII.

314 986 350 1026 no
365 987 509 1025 Garanum.

164 1061 175 1099 1
178 1070 249 1099 ueros
257 1070 325 1109 parrae
333 1059 446 1099 recinentia
454 1069 517 1098 omen

165 1112 240 1157 Ducat,
250 1115 271 1150 et
279 1121 390 1160 praegnans
399 1111 464 1156 canis,
474 1114 511 1149 aut
520 1111 547 1148 ab
555 1120 605 1159 agro

165 1162 225 1201 Rara
232 1162 344 1200 decurrens
351 1161 404 1209 lupe
412 1161 521 1199 Lanuvino

337 1211 430 1260 Fetnquo
438 1211 512 1260 vulpea
520 1222 525 1248 ι

163 1261 257 1311 Rumpat
265 1265 287 1300 et
294 1272 380 1310 serpena
386 1263 426 1300 iter
433 1261 560 1307 institutum,

162 1313 184 1351 Si
191 1323 229 1361 per
236 1313 346 1360 obliquum
354 1312 429 1351 similia
437 1313 518 1361 sagitte

162 1363 246 1403 Terruit
253 1373 349 1401 mannos.
376 1364 427 1411 Ego,
437 1363 472 1401 cui
481 1363 566 1409 timebo,

337 1413 437 1452 Providus
447 1424 533 1462 auspex,

161 1463 281 1511 Antequam
289 1466 368 1502 stantes
376 1467 458 1512 repetat
465 1464 553 1513 paludes

161 1514 265 1553 imbrium
274 1514 345 1552 divina
353 1515 398 1553 avia
406 1515 562 1559 imminentum,

163 1564 261 1604 oscinem
269 1575 354 1604 corvum
363 1576 424 1614 prece
433 1565 538 1603 suscitabo

336 1615 389 1654 Solia
398 1616 425 1653 ab
434 1619 489 1654 ortu.

161 1666 193 1705 Sis
203 1665 254 1705 licet
260 1665 319 1710 felix,
329 1666 451 1714 ubicunque
458 1666 532 1711 maria,

160 1717 188 1755 Et
196 1727 276 1755 memor
289 1717 360 1763 nostri,
371 1716 466 1762 Galatea,
475 1716 548 1755 vivas:

160 1767 232 1817 'l'eqne
240 1778 280 1805 nec
288 1766 355 1805 levus
363 1770 420 1806 vetet
428 1768 458 1804 ire
463 1767 530 1816 picus,

336 1816 381 1855 Nec
387 1828 441 1865 vaga
448 1817 531 1856 cornix.

160 1867 202 1906 aed
208 1866 274 1913 virleu,
282 1871 362 1915 quanto
370 1868 462 1916 trepidet
469 1866 563 1905 tumultu

160 1916 241 1955 Pronua
250 1917 321 1955 Orion.
348 1917 399 1965 Ego,
408 1917 460 1966 quid
468 1918 496 1955 ait
504 1921 549 1956 ater

159 1966 254 2014 Hadria,
263 1967 319 2013 nori,
328 1968 394 2012 ainua,
404 1972 426 2006 et
435 1967 487 2015 quid
495 1967 557 2007 albua

333 2016 410 2056 Peocet
418 2017 494 2066 Iapyx.

160 2064 258 2103 Hostium
266 2077 342 2105 uxorea
350 2067 452 2115 puerique
464 2077 532 2107 ooeooa

161 2114 257 2152 sentiant
264 2121 333 2155 motus
341 2117 428 2155 orientia
437 2117 517 2163 Austri,
527 2123 549 2157 et

161 2163 257 2212 AEquoria
266 2167 319 2213 nigri
325 2166 439 2213 tremitum,
449 2171 471 2204 et
479 2171 593 2207 trementes

335 2216 424 2254 Verbere
433 2217 497 2265 ripae.
