1562 2568
114 191 152 229 2⁰2
277 188 304 230 Q.
318 185 442 226 nonam
456 185 555 225 rnnccl

115 302 359 353 tscumusjsmpridem
367 301 436 340 omnis
444 305 465 340 te
475 300 544 339 Rome
551 299 648 339 beatum.

118 355 161 395 Sed
169 365 247 400 vereor¹
259 364 286 392 ne
294 354 330 392 cui
337 354 363 392 de
371 357 393 390 te
401 351 449 401 plue
458 362 522 400 quam
531 351 572 389 tibi
579 352 664 396 credam

117 405 176 444 Neve
184 410 246 454 putea
254 404 321 442 alium
329 404 426 452 sapiente
434 403 531 450 bonoque
540 402 640 447 beatum
692 401 716 440 20

116 456 137 494 N
138 467 172 499 eu,
182 457 201 494 ai
208 459 229 494 te
237 453 329 503 populus
337 464 414 492 eanum
421 458 520 501 recteque
527 451 637 490 valentem

117 506 211 549 Dictitet.
222 503 328 543 occultem
336 504 418 542 febrem
427 504 467 542 sub
475 508 559 552 tempus
566 502 646 540 edendi

117 554 249 599 Dissimuies,
258 555 325 593 donec
333 555 433 593 manibus
441 558 518 592 tremor
526 552 692 592 incidetunctis.

116 605 232 645 Stultorum
240 605 338 643 incurata
347 606 415 653 pudor
422 604 493 642 malus
501 603 574 642 ulcera
581 602 645 641 celat.

116 657 139 696 ⁸1
147 657 195 705 quis
202 654 260 693 bella
269 656 307 694 tibi
316 660 373 693 terra
379 660 474 704 pugnata
482 654 578 702 marique

116 707 186 752 Dicet,
195 711 217 744 et
224 706 258 744 his
265 704 335 744 verbis
342 716 420 744 vacuas
455 704 640 743 rmuiceataurea:

116 760 131 779 ‘¹
140 757 196 796 Tene
204 758 271 806 noeis
278 758 361 795 salvam
366 767 424 805 popu
434 767 459 794 us
467 756 525 800 velit,
535 765 564 792 ae
569 754 676 802 papalem
687 755 717 799 tu,

116 809 187 847 Semi
194 809 218 846 in
224 808 327 857 ambiano,
351 807 375 845 ul
383 807 476 845 coneum
484 808 504 844 et
512 806 551 844 etti
559 807 579 843 et
585 804 641 851 urbi,

116 859 202 907 Japtter
208 856 227 903 ,·’'
241 858 332 906 Augusti
338 819 414 896 leudes
422 867 536 905 agnoscere
544 854 625 905 possiet

116 909 189 956 Quum
197 910 275 958 pateris
283 909 366 957 sapiens
375 908 543 955 emendatusque
550 905 629 951 vocari,
695 905 719 944 bt

117 958 270 1009 Respondesne
278 964 321 1003 tuo,
331 959 366 996 dic
373 958 441 1002 sodes,
451 958 537 996 nomine
542 956 663 1004 i-Nempe

117 1009 156 1048 Vir
164 1011 233 1050 bouus
241 1014 263 1048 et
270 1010 362 1058 prudens
370 1009 413 1047 diei
421 1007 521 1046 delector.
549 1006 593 1055 Ego
602 1017 627 1045 ac
637 1010 669 1045 tu.

117 1060 160 1107 Qui
169 1062 228 1100 dedit
235 1060 276 1100 hoc
284 1060 353 1104 hodie,
363 1070 415 1104 orae,
426 1059 444 1097 ai
451 1057 515 1103 volet,
524 1057 618 1103 auserem
631 1062 663 1104 ut,
674 1057 692 1095 si

117 1111 223 1151 Detulerit
231 1111 298 1150 fascea
305 1111 399 1158 indigno,
409 1108 507 1148 detrahet
514 1109 578 1147 idem.

117 1161 182 1209 Pone,
191 1173 264 1201 meum
272 1165 310 1206 eet,
319 1161 401 1210 inquit:
414 1170 477 1208 pono,
488 1159 600 1207 tristisque
607 1159 692 1197 recedo.

118 1211 186 1258 Idem,
196 1213 214 1252 si
224 1212 302 1251 clamet
308 1211 384 1256 iurem,
393 1215 456 1258 neget
464 1220 510 1248 ease
519 1209 630 1258 pudicum,
752 1217 754 1221 ’

117 1262 237 1301 contendet
245 1262 320 1311 laqueo
329 1261 407 1300 collum
415 1260 515 1309 pressisse
523 1263 650 1308 paternurm

118 1313 218 1352 Mordeer
223 1313 339 1362 opprobriis
347 1312 412 1357 falsie,
421 1315 545 1358 mutemque
554 1310 651 1349 coloreai

118 1363 193 1403 Falsus
200 1362 268 1402 honor
273 1364 341 1411 Juvat,
350 1368 372 1400 et
379 1362 473 1400 mendax
481 1360 571 1399 infamia
578 1364 653 1408 terret,

118 1414 193 1461 Quem,
203 1413 245 1452 niel
252 1414 378 1502 mendosum
386 1418 408 1451 et
414 1411 579 1450 medicandumi
607 1411 722 1451 virbonus

168 1465 256 1512 estquis
697 1463 722 1500 40

118 1515 161 1561 Qui
170 1514 267 1554 consults
275 1517 366 1563 petrum,
376 1513 413 1562 qui
421 1512 479 1561 leges
484 1513 670 1559 ‚imaqueaervsn

118 1565 166 1612 Quo
174 1564 249 1604 multae
254 1575 380 1613 magnaeque
388 1566 488 1602 secentur
493 1562 566 1611 judice
575 1562 637 1607 lites:

118 1616 167 1663 Quo
175 1627 208 1656 rea
216 1626 322 1665 eponeore,
332 1619 354 1654 et
362 1626 404 1663 quo
412 1619 483 1652 musae
491 1617 545 1652 teste
554 1617 668 1652 tenentur.-

119 1667 161 1706 Sed
169 1668 226 1705 videt
234 1666 292 1705 hunc
300 1666 370 1704 omnis
378 1666 453 1703 domus
461 1668 484 1702 et
491 1664 570 1702 vicinia
579 1668 626 1702 tota

119 1716 226 1757 introrsus
235 1722 259 1755 tu
285 1728 325 1762 em,
335 1717 454 1765 speciosum
462 1713 518 1763 pelle
526 1714 610 1752 decore.

120 1768 165 1807 Nee
173 1768 254 1808 furtum
271 1768 309 1812 eei,
319 1777 359 1805 neo
366 1766 418 1814 iugi,
428 1766 447 1803 si
455 1764 508 1802 mihi
517 1765 575 1803 dicat

120 1818 207 1864 Servum
224 1818 297 1857 Habes
304 1818 403 1867 pretium,
413 1816 463 1853 ioris
471 1826 514 1854 nou
524 1815 598 1860 ureris,
608 1815 651 1854 aio.

119 1867 169 1908 Non
177 1869 285 1907 hominem
294 1869 374 1906 occidi:
390 1868 438 1905 Non
446 1876 521 1915 pasces
529 1866 552 1904 in
561 1876 624 1904 cruce
633 1875 715 1904 corros.

120 1918 173 1956 Sum
182 1919 249 1956 bonna
258 1924 280 1956 et
287 1918 350 1965 frugi.
377 1917 459 1955 Renuit
465 1916 588 1964 negitatque
598 1915 709 1955 Sabellus:

120 1968 199 2006 cautus
206 1969 263 2005 enim
271 1969 348 2006 metuit
355 1968 438 2006 foveam
446 1967 517 2015 lupru.
526 1966 672 2016 accipiterque
698 1968 725 2005 50

120 2017 232 2064 suspectos
240 2017 333 2065 laqueos,
344 2023 366 2056 et
373 2022 471 2066 opertum
479 2016 567 2057 milvius
574 2017 673 2056 hamum.

120 2066 216 2103 Oderunt
224 2077 311 2115 peccare
320 2069 371 2106 boni
378 2069 464 2106 virtutis
472 2078 556 2106 amore:

120 2114 152 2172 Tu
161 2114 216 2153 nihil
223 2117 323 2155 admittes
329 2119 352 2156 in
360 2122 382 2156 te
389 2118 504 2156 formidine
512 2129 591 2166 poenae.

120 2163 152 2200 Sit
159 2174 206 2211 apes
214 2164 309 2211 fallendi.
319 2168 417 2207 miscebis
423 2179 484 2206 sacra
492 2168 599 2218 profanis:

121 2210 176 2249 Nem
184 2213 210 2251 de
218 2213 278 2253 mille
286 2216 341 2255 rebe
350 2219 427 2256 modiis
437 2229 506 2267 quum
513 2218 604 2269 surripis
612 2230 693 2268 unum,
