1562 2568
216 201 420 241 urlsuoulumu
430 201 488 239 ulle.
503 202 520 239 1.
629 206 664 244 2⁰1

68 317 176 358 Pernicies
184 320 206 355 et
213 319 327 365 tempestas
334 316 501 365 barathrumque
510 317 601 365 macelli,

68 369 175 417 Quicquid
183 368 302 415 quaesierat,
312 367 380 406 ventri
389 368 482 405 donabat
489 378 559 405 avaro.

68 420 117 466 liic,
127 418 165 456 ubi
173 418 274 467 nequitiae
282 418 400 457 fautoribus
409 422 430 456 et
438 418 518 456 timidis
526 418 557 456 nil

9 466 11 505 ἴ
69 470 113 508 Aut
121 468 219 518 paullum
228 469 350 514 abstulerat,
360 470 442 517 patinas
451 470 550 507 eoenabat
559 470 632 515 omasi,

69 519 123 558 Vilis
133 524 154 558 et
162 520 254 568 agnina,
264 520 332 559 tribus
340 520 394 558 ursis
403 520 460 568 quod
468 520 520 559 setis
528 524 594 565 esset:

9 576 10 593 ³
68 570 154 609 Scilicet
161 578 187 608 ut
196 575 280 609 ventres
289 570 362 608 lamna
370 572 475 608 candente
482 576 585 619 nepotum

69 621 259 665 Diceretureudos,
269 625 372 659 corrector
381 621 472 660 Bestius.
499 621 560 660 idem

69 671 176 719 Quicquid
185 675 311 709 eratnactus
319 671 396 719 praedae
405 672 496 719 maJ'oris,
505 672 543 710 ubi
549 683 613 711 omne

69 721 168 760 Verterat
175 722 198 760 iu
206 721 290 760 fumum
300 722 428 766 etcinerem,
440 722 459 759 N
459 732 487 759 on
495 722 581 761 hercule
590 724 662 768 miror,

70 772 154 817 Aiebat,
164 771 227 821 siqui
236 772 423 815 comeduntbona;
438 783 504 820 quum
513 773 540 811 sit
546 774 610 812 obeso
643 775 668 811 4⁰

70 823 107 862 Nil
115 822 192 861 melius
201 822 269 865 turdo.
279 821 310 859 nil
318 821 382 859 vulve
390 821 499 870 pulchrius
507 824 584 871 ampla.

71 862 177 911 Nimirum
184 873 220 911 hic
228 884 266 921 ego
275 883 333 910 sum:
349 883 399 909 uem
407 876 454 910 tuta
462 877 484 909 et
492 873 580 921 parvule
588 873 659 917 laudo,

70 924 142 970 Quum
155 934 188 961 res
196 923 303 965 deficiunt,
314 923 365 960 setis
373 923 429 960 iuter
437 922 486 960 vilia
494 923 554 962 fortis
562 936 566 961 :

70 974 149 1013 Verum
158 973 196 1012 ubi
204 974 256 1022 quid
265 973 342 1012 melius
350 973 454 1021 contingit
462 978 483 1010 et
491 974 583 1019 unctius,
596 975 653 1012 idem

70 1024 113 1064 Vos
122 1035 195 1073 sapere
204 1030 226 1062 et
232 1024 288 1062 solos
297 1024 331 1062 aio
339 1023 394 1061 bene
402 1023 478 1068 vivere,
488 1034 579 1072 quorum
645 1034 658 1059 c

632 1068 650 1087 ¹!

628 1088 633 1102 l

571 1110 656 1227 r„

70 1075 203 1125 Conspicitur
210 1075 284 1113 nitidis
291 1074 381 1113 fundata
388 1074 480 1122 pecunia
485 1073 548 1112 villis.

267 1250 404 1290 EPISTOLA
416 1250 476 1290 XVI.

237 1352 277 1390 Ab
298 1353 493 1398 Qurucrruu.

72 1428 109 1467 Nu
118 1427 253 1477 perconteris,
263 1427 344 1466 fundus
353 1439 420 1472 meus,
430 1428 509 1476 optime
518 1427 611 1473 Quincti,

7 1522 9 1531 Ι
72 1479 129 1517 Arvo
136 1482 210 1526 pascat
218 1477 299 1523 herum,
309 1489 336 1516 an
346 1479 414 1517 baccis
423 1478 533 1527 opulentet
545 1478 613 1521 olivae,

73 1529 178 1572 Pomisue.
188 1539 216 1566 an
225 1529 296 1576 pratis,
304 1540 332 1567 an
341 1530 420 1567 amicte
427 1530 506 1568 vitibus
514 1528 586 1567 ulmo:

72 1579 224 1617 Scribeturtibi
232 1578 300 1616 forma
308 1579 430 1626 loquaciter,
441 1584 463 1617 et
470 1580 523 1618 situs
531 1580 582 1627 agri.

71 1629 266 1673 Continuimontes,
277 1629 316 1667 nisi
326 1630 465 1667 dissocientur
472 1640 538 1677 opace

72 1679 146 1719 Valle:
161 1680 199 1718 ssd
207 1684 231 1717 ut
239 1680 326 1717 veniens
335 1681 434 1717 dextrum
442 1679 498 1718 latus
506 1679 610 1727 adspiciet
619 1678 657 1723 sol,

73 1730 161 1770 levum
170 1729 275 1768 decedens
283 1738 348 1768 curru
352 1729 448 1778 {ugiente
457 1734 549 1778 vaporet.

72 1780 207 1830 Temperiem
215 1778 296 1817 laudes.
323 1777 393 1825 Quid?
407 1781 425 1819 si
433 1780 551 1818 rubicunde
559 1779 651 1827 benigne
677 1789 691 1807 ⁴

72 1832 141 1871 Cornu
148 1841 223 1878 vepres
232 1833 253 1867 et
260 1839 329 1878 pruna
336 1830 420 1868 ferunt?
434 1831 452 1868 si
460 1841 550 1879 quercus
560 1835 582 1868 et
589 1829 633 1867 ilex

73 1881 145 1923 Multa
151 1881 211 1928 fruge
220 1891 291 1929 pecus,
299 1880 367 1918 multa
373 1881 482 1918 dominum
489 1883 550 1929 juvat
556 1881 640 1918 umbra?
650 1882 673 1917 10

74 1932 138 1971 Dicas
147 1932 262 1970 adductum
270 1931 356 1979 propius
365 1931 461 1970 frondere
467 1931 590 1970 Tarentum.

73 1983 131 2025 Reus
138 1972 264 2070 θῆἪἯνο
272 1982 322 2020 dare
331 1992 408 2020 nomen
417 1983 512 2026 idoneus,
521 1987 546 2019 ut
554 1993 593 2019 nec

73 2030 178 2083 Priqidior
219 2043 290 2070 racem
299 2043 339 2072 nec
347 2033 419 2081 purior
427 2034 506 2071 ambiat
516 2032 607 2076 Hebrus,

74 2080 161 2127 lailtma
169 2083 233 2133 capiti
242 2083 289 2122 fluit
296 2083 361 2128 utilis,
371 2083 430 2122 utilis
437 2083 491 2121 alvo.

73 2132 212 2177 Batauum
219 2134 299 2180 didccs,
309 2140 331 2172 et
336 2136 388 2183 Jam,
398 2135 416 2173 si
424 2135 498 2177 credis.
508 2144 605 2178 amoenae,

74 2182 207 2229 ieodamem
216 2184 255 2225 libi
263 2197 297 2224 me
303 2190 406 2234 prestant
414 2184 571 2235 Septembribus
579 2183 641 2222 horis.

73 2230 109 2279 T!
115 2239 172 2279 lette
181 2236 239 2284 vivia,
249 2237 266 2276 si
275 2246 336 2276 curas
345 2247 390 2276 esse
399 2238 454 2285 quod
463 2236 535 2275 audis:

40 2318 64 2367 ν’
97 2318 129 2391 ὃ
192 2314 307 2389 .”
