1520 2572
105 144 141 182 1³4
266 143 292 188 Q.
307 141 432 181 HORATll
446 142 547 183 FLACCI

103 257 133 297 Te
141 267 211 296 coram
220 256 294 302 fuerit3
309 256 417 303 defendas,
427 260 509 303 uttuus
518 262 551 297 est
559 270 620 299 mos:

104 308 140 347 Me
148 307 279 357 Capitolinus
288 309 407 346 convictore
415 319 466 347 usus
475 309 589 357 amicoque

103 358 122 397 Δ
130 369 195 408 puero
204 362 242 404 est,
251 369 357 407 causaque
365 369 414 397 mea
422 359 529 407 permulta
537 365 625 408 rogatus

102 409 170 453 Fecit;
184 412 207 447 et
213 408 326 447 incolumis
335 408 396 447 laetor
404 409 461 457 quod
469 410 523 448 vivit
530 410 554 448 in
564 410 637 450 Urbe:

102 459 144 497 Sed
152 462 224 497 tamen
232 459 330 506 admiror,
340 470 382 507 quo
390 463 452 508 pacto
458 459 565 507 Judieium
573 460 631 500 illud

103 509 264 557 Fugerit—Hic
271 510 338 558 nigrae
345 521 422 548 succus
430 509 537 558 loliginis:
551 510 601 549 heac
610 516 644 551 est
671 515 709 553 100

102 559 181 607 AErugo
189 570 260 605 mera;
274 561 332 608 quod
339 560 415 598 vitium
423 560 497 608 procul
506 560 565 599 afore
574 561 663 609 chartis,

104 612 174 658 Atque
182 610 253 648 animo
262 610 327 659 prins,
336 616 361 649 ut
370 611 388 648 si
397 612 449 658 quid
457 612 580 659 promittere
590 614 617 652 de
626 624 662 652 me

103 660 191 699 Possum
200 659 259 703 aliud
267 672 322 706 vere,
331 661 438 709 promitto.
465 661 562 701 Liberius
570 661 590 701 si

104 711 182 750 Dixero
191 711 249 758 quid,
258 711 277 749 si
284 711 338 750 forte
344 712 450 760 jocosius:
464 711 506 750 hoo
514 712 567 750 mihi
574 713 631 761 juris

104 761 157 800 Cum
165 761 228 799 venia
236 761 308 800 dabis:
323 762 415 800 insuevit
422 767 483 811 pater
491 762 584 812 optimus
593 763 636 802 hoc
644 776 687 812 me,

103 811 133 850 Ut
140 811 241 860 fugerem,
251 811 354 860 exemplis
363 812 463 851 vitiorum
472 823 564 860 quaeque
572 816 677 854 notando.

104 863 157 901 cum
164 873 199 901 me
207 861 331 908 hortaretur,
341 873 410 911 parce,
419 862 536 910 frugaliter,
546 867 612 912 atque

104 911 203 951 viverem
210 913 243 952 uti
251 917 363 952 contentus
371 924 396 951 eo
405 914 462 962 quod
470 913 501 952 mi
509 913 555 962 ipse
563 921 674 963 parasset:

105 963 181 1002 Nonne
189 964 255 1008 vides,
265 963 315 1002 Albi
324 968 349 1002 ut
356 962 412 1002 male
420 964 478 1002 vivat
484 963 555 1003 filiuni
575 969 644 1013 utque

105 1014 183 1053 Barrus
193 1014 268 1064 inops?
286 1025 388 1062 magnum
399 1015 559 1062 documentum,
572 1026 601 1054 ne
614 1017 710 1065 patriam

154 1075 199 1103 rem
672 1069 708 1106 110

107 1115 196 1155 Perdere
205 1115 252 1164 quis
260 1114 318 1154 velit.
345 1114 364 1153 Δ
372 1115 429 1164 turpi
437 1115 553 1154 meretricis
562 1126 636 1156 amore

107 1166 159 1204 Cum
168 1167 293 1205 deterreret:
309 1165 392 1204 Sectani
400 1165 509 1204 dissimilis
517 1166 552 1205 sis.

106 1217 139 1255 Ne
147 1227 246 1265 sequerer
253 1216 353 1261 moechas,
364 1226 463 1254 concessa
471 1226 521 1254 cum
530 1215 614 1256 Venere
624 1219 658 1256 uti

105 1267 203 1307 Possem:
218 1267 250 1305 De
265 1268 322 1306 renai
330 1278 373 1305 non
381 1266 438 1304 bella
446 1271 479 1305 est
486 1266 544 1305 tama
553 1267 655 1315 Treboni,

107 1318 195 1357 aiebat:
211 1328 301 1366 sapiens,
310 1317 378 1355 vitatu
387 1317 480 1365 quidque
489 1319 557 1366 petitu

108 1367 229 1412 eumerius,
239 1378 313 1406 causas
321 1367 395 1406 reddet
402 1367 452 1411 tibi;
464 1367 495 1406 mi
504 1368 555 1407 satis
563 1371 603 1415 ent,
613 1369 632 1408 si

107 1419 216 1458 Traditum
224 1418 252 1456 ab
260 1418 353 1467 antiquis
361 1429 441 1456 morem
450 1429 539 1464 servare,
548 1422 661 1469 tuamque,

108 1470 165 1509 Dum
173 1469 265 1508 custodis
273 1480 328 1517 eges,
337 1469 403 1507 vitam
414 1469 535 1517 famamque
544 1470 600 1507 tueri

108 1520 239 1560 Incolumem
248 1530 346 1568 possum:
362 1518 452 1557 simulac
460 1519 568 1557 duraverit
577 1524 631 1559 retas

109 1571 205 1613 Membra
214 1570 351 1619 animumque
359 1574 427 1616 tuum,
436 1570 498 1608 nabis
506 1570 551 1608 sine
560 1572 647 1610 cortice.
675 1572 711 1610 Sic

157 1633 192 1660 me
674 1624 712 1664 120

109 1672 222 1712 Formabat
228 1682 317 1720 puerum
326 1670 398 1714 diction
416 1674 444 1714 et,
453 1671 497 1709 sive
503 1670 599 1718 jubebat·

110 1724 139 1763 Ut
146 1723 238 1763 facerem
246 1722 304 1770 quid,
314 1721 386 1760 Habes
395 1725 509 1765 auctorem,
518 1731 561 1769 quo
569 1720 638 1761 facias
647 1723 697 1770 hoc,

109 1775 182 1813 Unum
190 1785 217 1812 ex
222 1773 329 1821 judicibus
337 1771 419 1810 selectis
425 1771 548 1819 objiciebam

110 1826 157 1865 Sive
165 1824 256 1869 vetabat,
267 1825 300 1861 An
308 1822 348 1861 hoc
356 1821 492 1860 inhonestum
501 1826 523 1860 et
530 1820 608 1860 inutile
615 1822 685 1870 factu,

110 1877 189 1920 Necne,
199 1875 233 1921 sit,
242 1873 359 1918 addubites,
368 1873 443 1921 flagret
450 1883 534 1911 rumore
542 1871 600 1910 malo
608 1884 681 1922 quum

111 1928 152 1967 Hic
161 1930 224 1975 atque
232 1924 280 1963 iller
307 1924 385 1962 Aridos
393 1924 487 1962 vicinum
496 1924 560 1962 sunus
569 1926 594 1961 ut
602 1933 674 1972 aegros

112 1978 232 2022 Exanimat,
241 1975 356 2022 mortisque
363 1978 423 2012 metu
431 1974 471 2012 sibi
479 1984 565 2022 parcere
573 1974 645 2022 cogit;

112 2030 146 2067 Sic
154 2033 237 2066 teneros
245 2027 327 2064 animos
335 2024 406 2062 aliena
413 2025 526 2073 opprobria
534 2034 592 2072 saepe
634 2041 639 2046 ·

113 2078 236 2117 Absterrent
242 2076 306 2114 vitiis.
329 2075 362 2112 Ex
369 2074 411 2112 hoo
419 2086 458 2123 ego
466 2085 529 2114 sanun
538 2075 565 2112 nb
574 2073 627 2122 illis,

113 2127 229 2166 Perniciem
250 2135 382 2174 quaecunque
401 2125 484 2170 ferunt;
512 2124 667 2173 medlocribue,
691 2129 714 2165 et

163 2176 223 2224 queit
677 2178 713 2216 100
