1562 2568
209 189 412 229 EPISTULARUM
429 189 483 229 uls.
498 190 515 228 1.
618 192 654 229 iss

56 305 80 344 Si
88 304 250 354 quadringentis
258 316 296 344 sex
303 309 385 354 septem
394 304 463 343 millis
470 306 553 350 desunt,

57 355 97 394 Est
105 355 189 394 enimus
197 356 242 400 tibi,
251 358 302 394 sunt
308 367 383 400 mores,
393 356 603 404 assignatumque,

56 406 122 444 Plebs
130 406 178 444 eris.
206 406 233 443 At
239 408 300 455 pueri
308 406 412 452 ludentes,
422 407 470 445 Rex
478 407 525 452 etis,
535 407 601 452 siunt,

56 457 80 494 Si
88 460 145 495 reete
153 456 224 495 facies.
250 457 292 495 Hic
299 468 373 496 murus
380 457 475 497 aheneus
483 462 534 504 esto,
608 496 612 505 ,
627 459 653 497 60

56 506 95 545 Nil
103 507 197 545 conscire
204 507 251 553 sibi,
260 507 321 545 nulla
327 507 442 556 pallescere
450 509 520 557 culpa.
684 510 693 521 '

56 556 136 605 Roscia
144 557 187 603 (dic
195 557 265 604 sodes)
272 558 347 596 melior
354 557 397 601 lex.
405 570 433 596 on
442 569 556 608 puerorum
564 563 596 598 est
655 574 660 583 ²

56 607 141 651 Nonis,
151 617 199 656 quae
207 619 296 655 regnum
304 612 360 647 recte
368 608 494 649 facientibus
503 609 571 656 offert,

56 658 86 696 Et
93 659 186 696 maribus
196 657 263 696 curiis
271 662 293 696 et
299 659 412 697 decantate
420 659 527 699 Camillisl

56 708 106 747 lsne
115 709 154 747 tibi
161 708 238 746 melius
246 709 327 753 suadet,
337 710 374 756 qui
382 720 427 747 rem
435 709 507 753 facies,
515 722 568 755 rem,

54 759 78 797 Si
86 760 161 807 possis.
170 764 237 803 recter
251 760 269 797 si
277 770 326 802 non,
336 770 462 808 quocunque
470 762 534 799 modo
542 756 616 807 rem!

54 809 85 847 Ut
93 810 179 858 propius
187 814 268 858 spectes
276 810 388 847 lacrimose
397 815 495 858 poemata
504 810 558 860 Pupi
566 822 571 849 z

55 860 97 903 An,
108 860 144 909 qui
153 860 243 898 fortunae
252 865 273 898 te
282 870 404 908 responsare
412 862 509 909 superbae

54 910 156 949 Liberum
164 916 186 948 et
193 914 287 949 erectum
293 921 386 959 praesens
396 910 493 950 hortatur
500 915 522 950 et
529 914 601 961 eptntt

54 961 136 1006 Quodsi
144 971 178 998 me
186 960 277 1009 populus
287 961 396 999 Romanus
404 961 457 1000 forte
465 966 530 1010 roget,
539 973 577 1001 cur
628 961 652 1001 70
723 962 726 967 ⁴

55 1012 111 1053 Nou.
121 1016 146 1048 ut
154 1011 275 1059 porticibus.
285 1012 315 1049 sic
320 1012 407 1059 judiciis
418 1011 476 1050 fruar
487 1011 563 1056 isdem,

12 1108 13 1111 Ἴ
54 1061 101 1100 Neo
110 1072 193 1110 seqnsr,
203 1065 241 1099 ant
248 1062 335 1109 ingiam.
346 1072 394 1110 quae
403 1062 472 1110 diligit
479 1062 531 1111 ipse,
539 1062 574 1101 vel
582 1062 637 1102 odit:

54 1111 112 1151 Olim
122 1112 179 1159 quod
187 1111 260 1159 vulpes
268 1116 346 1160 aegroto
354 1117 417 1150 cauta
425 1113 481 1151 leoni

54 1162 180 1211 Respondit,
190 1162 293 1200 referem:
314 1164 370 1202 Quin
378 1174 409 1200 me
417 1165 503 1212 scsitpis
514 1164 593 1202 terreni

53 1213 131 1252 Omnia
140 1214 159 1250 tc
167 1214 275 1250 adversum
283 1214 407 1261 spectantia,
418 1215 479 1252 nulls
487 1216 607 1253 retrorsum.

53 1263 132 1304 Bellus
145 1262 260 1352 multozum
275 1274 298 1302 es
311 1264 418 1313 cupitum:
432 1275 483 1304 nam
497 1265 548 1314 quid
562 1264 650 1314 seq'usrl

103 1318 213 1362 autqusm

53 1365 105 1404 Pars
113 1364 224 1403 hominum
232 1366 295 1412 gestit
303 1365 420 1403 conducere
429 1365 526 1413 publica:
540 1369 596 1412 sunt,
606 1366 644 1415 qni

51 1415 133 1455 Crustis
141 1419 163 1453 et
170 1414 238 1463 pomis
246 1416 321 1454 viduas
329 1420 433 1455 venentur
440 1426 521 1461 avares,

52 1465 209 1514 Excipiamque
218 1476 285 1510 senes,
295 1477 347 1514 quos
355 1466 378 1503 in
390 1466 470 1504 vivaria
478 1467 574 1505 mittant:

52 1515 129 1556 Multis
137 1515 220 1554 occulto
228 1517 303 1554 crescit
311 1527 344 1555 res
352 1516 440 1554 foenore.
467 1516 545 1555 Verum
626 1517 651 1556 80

51 1567 110 1611 Esto,
121 1566 168 1605 eliis
176 1565 229 1604 alios
235 1566 298 1605 rebus
307 1567 423 1615 studiisque
431 1567 510 1611 lenem

52 1617 122 1656 iidem
130 1617 205 1654 eadem
214 1622 302 1665 possunt
311 1616 385 1655 horam
395 1618 471 1656 durare
478 1617 606 1666 probantesl

52 1667 131 1707 Nullus
139 1667 161 1704 in
170 1666 220 1705 orbe
229 1666 288 1705 sinus
298 1667 355 1706 Baiis
362 1666 466 1716 praelucet
472 1670 570 1714 smoenis,

52 1718 74 1758 si
82 1718 138 1757 dixit
145 1717 210 1759 dives.
221 1716 279 1755 lacus
287 1721 310 1754 et
316 1728 374 1755 mare
383 1719 448 1756 sentit
456 1729 550 1757 amorem

52 1767 180 1808 Festinantis
188 1766 244 1810 heri;
259 1767 294 1805 cui
302 1767 320 1805 si
328 1768 404 1806 vitiose
412 1767 478 1806 libido

52 1819 135 1858 Fecerit
142 1817 267 1866 auspicium,
277 1829 323 1856 cres
330 1819 459 1856 ferramenta
467 1819 563 1858 Teanum

51 1869 146 1913 Tolletis,
155 1868 216 1907 fabri.
243 1868 320 1907 Lectus
327 1868 417 1916 genialis
425 1869 448 1906 in
457 1868 506 1907 sula
515 1873 558 1908 est:

52 1919 88 1959 Nil
96 1921 129 1959 sit
136 1930 183 1957 esse
190 1919 255 1967 prius.
265 1918 341 1957 melius
350 1918 381 1957 nil
389 1918 464 1957 caelibe
472 1920 528 1965 νῆας

52 1971 72 2011 si
81 1982 125 2010 non
133 1972 172 2013 est,
178 1970 237 2017 Jurst
246 1970 299 2007 bene
307 1969 357 2007 solis
365 1981 410 2007 esse
419 1970 507 2008 maritis.

51 2022 97 2068 Quo
106 2025 192 2059 teneam
200 2020 272 2058 vultus
280 2024 399 2058 mutantem
408 2020 483 2059 Protea
491 2021 561 2059 nosos
625 2023 650 2062 90

51 2072 108 2119 Quin
116 2071 210 2121 pauperi
223 2071 280 2108 ride:
295 2075 364 2109 mutat
372 2071 489 2116 coenecnls,
500 2071 572 2117 lectos,

51 2122 139 2165 Balnea.
149 2125 243 2160 tonsores
251 2133 256 2158 :
270 2122 375 2160 conducto
383 2122 467 2170 navigio
475 2131 538 2171 aequs

51 2172 146 2213 ttamen
154 2183 179 2211 ec
187 2171 288 2220 locuples,
297 2183 360 2220 quem
369 2173 428 2212 ducit
434 2173 494 2262 fris-s
501 2173 598 2215 triremis.

51 2223 72 2264 Sl
81 2227 168 2264 sumtus
176 2222 278 2273 iuaequsli
287 2227 370 2264 tonsore
378 2222 433 2274 cepil
442 2234 466 2263 os
