1520 2572
188 197 358 237 SATlRARUM
372 200 427 238 ΜΒ.
442 199 460 237 1.
587 204 623 241 125

24 315 69 354 lion
78 314 154 353 minus
162 314 246 360 insanit,
255 325 320 363 quarn
328 316 364 364 qui
372 315 499 354 moechetur·
525 317 554 356 At
560 316 596 356 hic
604 319 622 356 si

23 367 68 412 Qua
76 376 120 411 res,
131 375 175 412 qna
182 365 235 403 ratio
241 366 345 412 suaderet,
355 377 439 415 qusque
446 368 541 406 modeste
597 371 622 407 50

24 415 128 455 Muniflco
137 425 182 454 esse
190 415 245 461 licet,
254 416 318 455 vellet
326 416 394 456 bonus
402 422 466 466 atque
474 418 578 466 benignus

24 467 87 513 lisse;
106 467 170 504 daret
177 471 281 513 quantum
290 468 341 506 satis
349 471 410 514 esset,
420 479 459 507 nec
469 468 511 507 sibi
519 469 597 508 dernno

24 517 172 564 Dedecorique
179 518 243 560 forem
256 528 330 556 verum
338 518 378 557 hoc
386 530 409 556 se
417 518 553 567 amplectitur
560 531 610 565 uno,

23 568 141 612 Hocamat,
147 566 187 605 hoc
193 567 277 606 laudat:
292 568 620 620 Matronamnullsmegotango.

24 618 50 656 Ut
58 619 171 668 quondam
181 617 290 662 Marsaeus,
297 624 378 656 amator
387 620 478 668 Originis
485 620 529 667 ille,

23 669 63 714 Qui
85 668 166 706 atrium
175 668 246 706 mimae
255 669 321 706 donat
328 668 460 717 fundumque
468 671 583 719 laremque,

24 718 58 758 llil
91 718 134 757 erit
142 718 179 764 mi,
188 718 264 766 inquit,
274 729 323 756 cum
329 719 432 758 uxoribus
439 732 534 769 unquam
539 721 621 760 alienis.

24 769 103 809 Verum
112 773 145 807 est
156 779 205 807 cum
213 768 290 813 mimis,
299 772 332 807 est
339 779 389 806 curn
396 771 546 817 meretricibus,
556 773 614 811 unde

24 820 88 859 Fama
104 819 188 858 melum
200 818 290 866 gravius,
308 829 372 867 quam
386 830 419 857 res
435 820 507 859 trahit.
532 823 567 860 Ars
582 822 622 861 tibi

70 871 160 909 abunde

25 921 139 961 Personam
148 920 199 958 satis
207 922 245 963 est,
255 930 298 957 non
303 917 364 963 illud,
374 919 477 969 quidquid
485 920 564 969 ubique
597 925 622 961 60

24 972 101 1017 officit,
110 968 204 1010 evitaret
230 969 311 1008 Bonam
320 970 434 1018 deperdere
442 969 528 1016 famam,

25 1022 77 1063 Rem
86 1021 154 1071 petris
163 1020 272 1067 oblimare,
280 1019 362 1058 mulum
370 1024 403 1058 est
409 1020 546 1070 ubicumque.
566 1022 623 1067 Quid

71 1075 139 1112 inter-

26 1124 65 1171 Ειτ,
76 1125 101 1163 in
109 1127 214 1167 matrona,
223 1121 302 1160 ancilla
309 1132 410 1171 peccesne
418 1122 502 1170 togata?

25 1174 102 1214 Villius
110 1174 133 1212 in
143 1173 222 1211 Fausta
232 1172 296 1212 Sullae
304 1183 374 1221 gener,
384 1171 424 1210 hoo
432 1172 497 1211 miser
505 1183 548 1210 uno

25 1225 117 1265 Nomine
126 1225 233 1272 deceptus,
242 1234 316 1272 poenas
325 1223 459 1270 deditusque
468 1233 572 1272 superque

25 1276 94 1322 Quam
103 1275 155 1314 setis
163 1278 202 1319 est,
212 1274 289 1323 pugnis
297 1284 364 1313 caesns
371 1274 468 1322 ferroque
476 1273 561 1322 petitus,

25 1326 130 1366 Exclusus
138 1326 189 1369 iore,
199 1336 266 1374 quum
275 1325 410 1373 Longarenus
419 1324 475 1363 foret
482 1324 547 1363 intus.

25 1375 80 1416 Huic
89 1377 109 1415 si
117 1376 211 1414 mutonis
219 1376 288 1415 verbis
296 1375 353 1413 mals
361 1379 421 1414 tenta
429 1375 521 1414 videntis

25 1426 112 1466 Diceret
120 1427 167 1464 baec
176 1426 272 1465 animus:
294 1426 390 1472 Quidvis
398 1426 450 1465 tibit
467 1426 573 1475 numquid
583 1436 622 1474 ego

72 1488 87 1515 a
95 1482 118 1515 te

25 1527 104 1576 Magno
111 1531 239 1576 prognatum
247 1528 337 1576 deposco
345 1526 431 1566 consule
440 1538 541 1572 cunnum,
598 1525 622 1564 70

25 1577 168 1626 Veletumque
177 1576 239 1621 stole,
248 1588 296 1614 mea
304 1588 371 1625 quum
379 1577 499 1617 conferbuit
506 1578 552 1616 irai

25 1629 79 1676 Quid
88 1629 239 1677 responderet?
266 1627 344 1675 Magno
357 1632 416 1675 patre
424 1633 475 1666 nota
482 1628 555 1677 puella
563 1632 601 1667 est.

25 1681 53 1718 st
59 1684 142 1728 quanto
150 1678 239 1716 meliora
247 1681 321 1715 monet
326 1678 485 1726 pugnantiaque
494 1679 539 1718 istis

26 1729 88 1770 Dives
96 1729 143 1779 opis
152 1733 229 1767 natura
237 1739 288 1773 sure,
298 1728 316 1765 si
325 1732 349 1765 tu
357 1729 421 1765 modo
428 1733 485 1767 recte

26 1780 152 1830 D’upenssre
160 1778 219 1825 velis,
229 1790 253 1817 ec
262 1789 305 1816 non
318 1777 419 1825 fugienda
426 1779 523 1827 petendis

26 1830 160 1870 immiscere!
187 1829 235 1868 'hio
242 1828 294 1867 vitio
301 1839 399 1867 rerumne
407 1827 497 1874 labores,

26 1881 228 1929 Nilret'erreputasl
245 1890 316 1928 quare,
328 1890 355 1917 ne
365 1879 468 1927 poeniteat
476 1884 504 1925 te,

26 1932 103 1973 Desine
112 1937 220 1971 matrones
229 1930 333 1975 sectarim.
344 1930 401 1967 unde
409 1929 487 1968 laboris

27 1982 73 2023 Plus
80 1984 168 2023 haurire
175 1980 228 2019 mali
236 1985 274 2026 est,
283 1991 348 2029 quarn
354 1991 381 2017 ex
388 1991 410 2018 re
416 1981 527 2028 decerpere
534 1979 622 2017 fructus.

26 2032 67 2073 lice
75 2034 146 2083 megIs
153 2032 211 2076 huic.
221 2032 294 2070 niveos
302 2031 357 2070 iuter
365 2030 484 2079 viridesque
495 2029 579 2078 lapillos
598 2032 623 2069 80

26 2083 53 2124 sit
63 2085 123 2132 licet,
132 2084 180 2129 hoc,
190 2082 296 2128 Cerintho,
306 2087 343 2120 tuo
355 2085 452 2119 tenerum
465 2084 498 2120 est
508 2080 577 2120 lemur
586 2085 624 2119 eut

71 2147 122 2176 crus

26 2185 117 2231 Rectius,
128 2188 193 2233 atque
200 2184 264 2222 etiam
273 2183 350 2222 melius
358 2193 451 2231 pcrsaepe
461 2185 537 2231 togatae
546 2188 584 2222 est.

26 2238 82 2277 Adde
91 2237 142 2284 huc,
153 2236 210 2284 quod
218 2246 309 2275 mercem
318 2235 364 2274 sinc
373 2233 426 2274 fucis
436 2238 508 2284 gestat,
518 2240 596 2283 aperte,
