1562 2568
122 163 157 199 176
284 161 308 201 Q.
324 159 447 197 llORATll
462 158 560 197 FLACCI

123 277 215 314 Dimittit
224 287 293 324 neque
302 274 413 317 fumosum.
423 285 492 323 neque
503 272 626 320 sollicitum,
637 286 665 314 ne

122 328 196 371 Dirion
206 331 244 365 aut
251 326 325 364 formae
333 325 434 369 melioris,
443 326 509 363 meist
516 324 598 363 eodem.

120 378 160 419 Tu.
171 389 237 426 quum
246 377 343 426 projectis
351 376 475 424 insignibus.
485 375 565 414 snnulo
573 376 669 424 equestri

123 428 263 476 Romanoque
271 427 353 472 habitu,
362 427 433 475 prodis
442 437 469 464 ex
475 426 547 473 judice
557 425 627 464 Darne

121 478 204 527 Turpis,
213 479 324 516 odoratum
333 482 398 526 caput
406 478 532 515 obscurante
540 475 634 521 lucerna,

123 530 171 567 Non
180 540 202 567 es
211 528 268 576 quod
278 527 380 566 simulasi
406 527 505 566 Metuens
513 526 628 574 induceris,
638 532 706 576 etque

121 579 244 617 Altercsnte
252 577 378 616 libidinibus
386 577 459 615 bernis
467 587 514 616 osso
521 587 606 625 pavore.

122 629 179 670 Quid
187 629 258 674 refert,
266 629 301 666 uri
308 629 378 676 virgis.
387 628 485 676 ferroque
494 628 565 666 neonri

123 680 250 717 Auctoratus
260 690 308 722 ees;
322 690 351 717 en
359 679 416 727 turpi
424 678 508 717 clausus
517 678 539 716 in
547 688 604 723 arce,

122 731 169 776 Quo
177 735 198 768 te
207 730 293 768 demisit
300 730 382 778 peccati
390 730 474 767 conscie
482 728 562 773 herilis,
700 732 727 769 6⁰

122 781 258 818 Contrectum
265 781 356 829 genibus
364 783 438 828 tangas
446 780 524 827 caputi
552 778 617 817 Estne
626 779 704 818 merito

123 831 227 870 Metronae
235 831 343 879 peccantis
350 830 373 868 in
382 831 445 868 ambo
455 831 513 878 Justa
520 833 621 878 potestas,

123 881 148 920 ln
157 888 299 930 corruptorem
308 881 342 919 vel
347 881 437 928 justiori
464 879 506 918 tila
513 885 585 918 umen
594 891 618 919 se

123 932 142 970 N
144 944 171 971 on
180 933 262 978 babitu,
271 936 366 970 mutatve
374 931 427 977 loco,
437 935 536 979 peccatve
547 941 647 979 superne,

123 983 195 1028 Quum
204 989 224 1022 te
232 984 332 1021 formidet
339 981 423 1027 mulier,
433 992 502 1030 neque
511 981 583 1019 credat
591 981 681 1020 omenti.

123 1033 168 1073 ibis
177 1035 216 1073 sub
224 1034 307 1072 furcam
315 1032 419 1081 prudens:
435 1032 564 1080 dominoque
573 1031 655 1071 furenti

124 1084 247 1123 Committes
256 1095 301 1123 rem
309 1094 401 1129 omnem,
410 1087 432 1121 et
440 1084 512 1129 vitam,
524 1088 546 1121 et
553 1093 603 1121 oum
612 1094 700 1133 corpore

174 1136 260 1174 famem.

124 1182 210 1224 Evertit
230 1185 298 1229 oredo,
307 1188 396 1227 metues,
405 1183 521 1231 doctusque
530 1183 623 1222 cavebis.

125 1235 218 1280 Quaeres,
228 1235 313 1284 quondo
321 1235 398 1272 iterum
406 1244 489 1282 pavens,
501 1234 623 1282 iterumque
631 1235 699 1283 perire

125 1286 201 1333 Possis,
211 1299 223 1324 o
231 1287 293 1324 toties
302 1284 384 1323 servusl
399 1295 447 1332 qure
456 1283 528 1322 bellue
536 1284 610 1332 ruptis,
701 1283 726 1323 111

124 1337 195 1382 Quum
204 1336 269 1375 semel
277 1336 357 1384 effugit,
366 1335 436 1373 reddit
443 1345 466 1372 se
474 1345 539 1383 preve
547 1335 641 1374 catenis?

125 1387 143 1425 N
146 1399 173 1425 on
182 1398 229 1425 sum
238 1387 340 1431 moechus,
349 1386 387 1424 uis.
415 1385 490 1433 Neque
499 1396 544 1433 ego,
553 1385 649 1432 hercule,
658 1385 699 1429 fur,

174 1438 212 1475 ubi
219 1448 271 1475 vasa

126 1488 231 1526 Praetereo
239 1486 323 1536 sapiens
332 1490 437 1533 argentea.
464 1485 523 1524 Tolle
531 1486 638 1534 periclum
646 1500 651 1525 :

126 1538 175 1576 lom
183 1549 236 1587 rago
244 1537 339 1586 prosiliet
345 1537 410 1575 irenis
419 1541 495 1574 natura
503 1538 597 1576 remotis.

125 1589 186 1628 Tune
194 1588 247 1627 mihi
256 1588 360 1631 dominus,
370 1599 441 1625 rerum
448 1587 548 1635 imperiis,
562 1586 725 1636 hominumque,

126 1640 166 1678 Tot
174 1639 281 1687 tantisque
288 1639 370 1676 minori
385 1649 448 1686 quern
458 1641 490 1675 ter
498 1638 592 1675 vindicte
600 1647 719 1686 quaterque

126 1690 229 1738 Imposito
238 1689 297 1728 haud
305 1699 401 1737 unquom
409 1688 486 1726 misera
493 1688 608 1726 formidine
617 1690 699 1740 priveti

125 1741 186 1779 Adde
195 1751 259 1789 super
266 1740 333 1784 dictis,
343 1740 400 1787 quod
407 1750 451 1777 non
459 1739 527 1777 levius
533 1738 616 1777 voleat:
632 1751 691 1785 nam,

126 1792 174 1829 Sive
182 1791 273 1829 vicarius
281 1794 318 1834 est,
328 1789 365 1838 qui
373 1800 433 1828 servo
441 1794 501 1837 paret
509 1791 550 1835 (uti
557 1800 604 1828 mos

127 1842 244 1888 Vestorait)
252 1852 289 1879 seu
296 1848 419 1878 conservus:
430 1841 469 1878 tibi
475 1840 527 1888 quid
533 1851 581 1878 sum
588 1842 641 1889 egoi
651 1851 729 1890 nempe

126 1892 165 1938 Tu,
175 1891 229 1930 mihi
236 1891 273 1940 qui
281 1891 397 1939 imperitas,
406 1890 453 1928 aliis
462 1891 526 1928 serris
532 1891 609 1936 misen
625 1897 691 1942 etque
704 1894 726 1931 81

128 1943 221 1985 Duceris,
232 1947 256 1980 ut
263 1942 333 1980 nervis
341 1940 417 1980 alienis
425 1940 504 1979 mobile
511 1940 601 1989 lignum.

61 2036 65 2044 Δ
126 1993 229 2036 Quisnam
238 1992 302 2039 igitur
310 1991 376 2029 liberi
391 1992 485 2040 Sapiens,
494 1991 535 2029 sibi
542 1991 580 2040 qui
586 1992 727 2041 imperiosusa

127 2045 195 2129 Quertn
204 2053 274 2090 neque
282 2042 400 2090 pauperies,
410 2053 479 2090 neque
487 2053 550 2087 mors,
560 2053 633 2091 neque
642 2044 729 2083 vincula

128 2097 409 2189 uespgrrseaffss'cupininibuq
417 2146 552 2181 contemnere
558 2142 654 2184 honores

105 2210 107 2213 .
127 2190 204 2235 Fortisr
219 2190 270 2227 etin
279 2191 425 2240 seipsototus,
434 2198 495 2239 teres,
505 2198 569 2241 atque
579 2196 695 2243 rotundus,
