1562 2568
196 200 368 241 astinenum
381 200 435 240 LlB.
449 201 481 240 11.
608 204 644 240 loa

45 318 116 357 Verba
122 316 175 354 iacit
180 316 240 355 leno:
254 317 361 365 Quicquid
366 316 426 363 mihi,
433 317 535 367 quicquid
540 320 562 356 et
567 316 643 356 horum

45 369 129 455 (irn'quel
136 368 194 405 domi
201 372 239 414 est,
248 368 271 405 id
278 368 340 407 crede
348 373 410 407 tuum
419 380 424 414 ς
438 373 460 408 et
467 367 501 407 val
514 379 572 407 nunc
587 372 642 417 pete,

94 430 121 456 ve
136 429 189 456 cras.

46 468 132 517 Accipe,
141 469 193 517 quid
201 472 274 507 contra
279 469 364 516 juvenis
372 470 504 518 responderit
511 480 597 519 aequua:

46 519 72 557 ln
80 521 129 557 nive
138 519 224 557 Lucana
231 519 310 557 dormis
318 525 420 565 ocreatus,
427 525 452 559 ut
458 531 533 569 aprum

47 569 133 608 Coenern
149 580 198 617 ego;
214 573 238 607 tu
245 570 313 618 pisces
321 570 410 608 hiberno
418 582 446 609 ex
454 581 538 619 aequore
546 571 611 610 verris
618 581 623 614 ;

47 620 119 668 Segnis
128 631 173 667 ego,
183 620 289 667 indignus,
299 620 336 667 qui
341 624 425 658 tantum
432 622 564 669 possideam:
574 620 645 660 aufer!

47 670 110 709 Sume
119 670 158 708 tibi
166 671 248 712 decies:
263 670 302 707 tibi
311 671 448 715 tantundem
462 672 501 710 tibi
509 672 593 722 triplex,

47 720 108 759 Unde
116 731 170 758 uxor
178 720 249 758 media
255 719 321 757 currit
328 721 354 758 de
362 725 424 759 nocte
432 725 513 759 vocata.

47 771 112 809 Filius
122 770 195 819 AEsopi
204 771 320 809 detractam
328 781 356 808 ex
364 781 415 808 aure
425 771 525 818 Metellae,

47 821 131 859 Scilicet
139 825 163 859 ut
171 822 240 860 decies
248 820 340 859 solidum
349 821 476 866 absorberet,
485 826 545 860 aceto
608 824 646 861 240

47 871 116 909 Diluit
124 872 228 919 insignem
236 871 336 914 baccam
350 870 388 918 qui
401 870 479 917 sanior,
488 882 513 910 ac
520 872 539 910 si

46 921 104 961 Illud
112 923 170 960 idem
178 923 201 960 in
209 922 307 971 rapidum
315 922 402 966 flumen,
410 923 516 970 iaceretve
525 921 632 961 cloacam?

46 973 121 1014 Quinti
129 972 239 1021 progenies
249 971 303 1017 Arri,
312 982 351 1021 par
357 972 429 1010 nobile
436 971 532 1017 iratmm,

47 1023 149 1071 Nequitia
158 1027 180 1060 et
189 1023 250 1071 nugis
258 1034 370 1071 pravorum
379 1027 401 1061 et
409 1033 480 1061 amore
487 1021 608 1070 gemellum,

47 1073 157 1112 luscinias
167 1072 224 1111 soliti
231 1074 327 1123 impenso
335 1074 439 1123 prandere
445 1077 545 1111 coemtas.

21 1138 22 1141 ¹
47 1124 153 1170 Quorsum
170 1124 260 1163 abeantt
286 1125 337 1163 Sani
353 1130 378 1164 ut
392 1128 456 1169 creta,
470 1134 498 1162 an
511 1123 602 1162 carbone
611 1134 649 1161 no·

21 1176 22 1189 ¹
95 1174 169 1213 tandit

47 1224 159 1263 AEdificere
166 1234 231 1270 casas,
240 1224 338 1273 plostello
346 1227 461 1275 adjungere
469 1235 545 1272 mures,

47 1276 128 1314 Ludere
137 1286 175 1324 par
184 1275 258 1323 impar,
268 1277 393 1324 equitarem
402 1277 506 1314 arundine
514 1275 583 1324 longa,

47 1326 68 1364 Si
76 1337 141 1375 quem
148 1324 239 1364 delectet
247 1326 365 1373 barbatum,
375 1328 469 1366 amentia
477 1330 552 1365 verset.

47 1376 68 1415 Si
75 1375 179 1425 puerilius
188 1375 283 1415 hieratio
289 1388 335 1416 esse
343 1379 426 1417 evincet
434 1389 512 1423 amare,
609 1376 649 1413 2⁵0

47 1427 90 1465 Nec
97 1427 214 1474 quidquem
223 1427 312 1474 differre,
322 1433 421 1467 utrumne
430 1429 453 1466 in
461 1428 555 1477 pulvere,
564 1427 640 1466 trimus

47 1477 114 1519 Quale
122 1477 187 1525 prius,
196 1476 258 1516 ludas
266 1489 326 1527 opus,
338 1490 366 1517 an
376 1479 492 1517 meretricis
500 1489 572 1517 amore

47 1527 153 1567 Sollicitus
162 1526 243 1576 plores:
257 1539 337 1576 quaero,
346 1530 440 1568 faciasne
449 1529 506 1577 quod
514 1529 566 1568 olim

48 1579 144 1617 Mutatus
154 1578 269 1617 Polemoni
282 1590 349 1627 ponas
357 1581 449 1627 insignia
457 1580 532 1626 morbi,

48 1627 159 1673 scociolas,
167 1628 254 1673 cubitat
263 1628 346 1674 focalia,
356 1634 418 1678 pctus
427 1635 452 1668 ut
459 1629 496 1668 ille

48 1679 130 1718 Dicitur
138 1690 166 1717 ex
174 1678 228 1717 eollo
234 1679 307 1717 furtim
315 1681 417 1729 carpsisse
425 1690 520 1724 coronas,

48 1729 162 1778 Postquam
171 1733 203 1767 est
209 1729 311 1777 impransi
320 1735 427 1779 correptus
437 1741 488 1768 voce
497 1730 604 1778 magistri?

48 1779 138 1828 Porrigis
147 1780 200 1818 irato
209 1790 275 1827 puero
284 1791 350 1828 quum
358 1791 428 1829 poma,
437 1784 532 1819 recusat:

48 1830 118 1876 Sume,
128 1829 219 1868 Catellel
234 1834 309 1878 negat:
324 1832 342 1869 ai
350 1842 393 1868 uon
402 1831 445 1875 des,
455 1835 520 1878 optat.
547 1830 635 1869 Amator

49 1880 152 1920 Exclusus
161 1880 198 1929 qui
207 1881 277 1926 distat,
287 1881 331 1928 agit
337 1882 375 1919 ubi
383 1891 461 1926 secum,
472 1885 513 1925 eat,
522 1891 550 1918 an
559 1891 608 1926 non,

48 1931 93 1977 Quo
101 1932 208 1970 rediturus
217 1935 262 1969 erat
270 1943 313 1970 non
318 1932 436 1975 arcessitus,
444 1937 466 1969 et
474 1930 542 1970 barret
609 1932 645 1970 soi

48 1981 123 2020 lnvisis
129 1981 224 2020 foribus?
252 1982 285 2020 Nc
293 1993 357 2028 nunc,
366 1992 432 2030 quum
441 1992 475 2019 me
483 1985 545 2020 vocat
552 1981 614 2027 ultro,

48 2032 166 2071 Accedam?
180 2043 207 2070 en
216 2034 286 2081 potius
294 2033 385 2071 mediter
391 2032 452 2071 finire
461 2031 558 2071 dolores?

48 2081 151 2127 Exclusit,
161 2088 257 2122 revocat:
272 2084 371 2122 redeam?
384 2093 434 2130 non,
444 2083 461 2122 si
469 2084 572 2122 obsecret.
593 2082 648 2121 Fece

48 2132 129 2178 Servus,
138 2144 182 2171 non
190 2133 254 2183 paulo
262 2135 390 2183 sapientior:
411 2133 494 2180 onere,
504 2143 553 2182 quac
563 2145 597 2172 res

49 2182 195 2272 Necdmodum
209 2184 281 2231 habet,
295 2196 364 2235 neque
376 2184 495 2232 consilium,
507 2185 589 2225 ratione
602 2195 647 2224 mo·

111 2244 166 2283 oque
473 2244 478 2248 ·
