1562 2568
127 218 164 256 1⁵4
289 215 314 257 Q.
328 213 452 252 nourrii
465 210 564 253 PLAGCI

127 331 250 375 Praeseutes,
260 329 338 373 Austri.
347 328 431 377 coquite
437 327 620 367 horumobsontst
648 328 730 374 Quam-

177 392 242 429 quam
574 388 579 399 ’
704 380 728 418 st

128 432 191 471 Putet
199 442 250 480 aper
259 429 402 477 rhombusque
411 440 491 474 recens,
499 428 557 467 mala
564 428 626 477 copia
633 429 722 477 quando

128 482 216 531 AEgrum
224 479 324 519 sollicitat
331 480 471 524 stomachum,
479 490 545 528 quum
552 479 629 527 rapula
636 479 715 528 plenus

127 533 197 581 Atque
206 532 278 570 scidas
285 530 367 569 mavult
374 530 451 569 inulas.
469 531 566 569 Necdum
573 531 645 570 omnis
653 530 731 570 abacta

128 582 242 631 Pauperies
250 580 318 630 epulis
326 592 412 629 regum:
426 592 477 619 nam
485 580 563 619 vilibus
571 580 617 619 ovis

128 633 240 680 Nigrisque
248 635 281 670 est
288 631 340 670 oleis
348 630 411 670 hodie
418 631 484 670 locus.
510 631 575 670 Haud
582 631 615 669 ita
620 631 706 680 pridem

129 682 213 721 Galloni
221 683 324 732 praeconis
333 686 379 720 erat
386 682 508 731 acipensere
516 691 590 720 mensa

128 733 223 822 tungris.
235 732 322 822 P(liridi
335 736 381 771 tum
394 733 493 771 rhombos
507 733 578 771 minus
589 740 679 780 aequora
687 732 731 772 ele—

192 788 230 822 unt

128 833 196 872 Tutus
204 838 250 872 erat
257 834 365 880 rhombus,
375 837 463 880 tutoque
472 832 553 871 ciconia
562 833 626 877 nido;

129 883 201 923 Donec
209 896 246 924 vos
254 891 327 923 auctor
335 884 407 922 docuit
415 884 532 932 pretorius.
560 883 622 931 Ergo,
705 885 730 922 bo

129 935 151 972 Si
160 936 207 984 quis
215 946 272 973 nunc
280 947 362 983 mergos
370 945 445 973 suaves
453 933 543 973 edixerit
551 943 616 980 assos,

129 984 215 1024 Parebit
223 986 282 1036 pravi
290 985 363 1024 docilis
373 985 470 1023 &mana
474 986 582 1033 juventus.

129 1036 230 1075 Sordidus
238 1047 252 1074 a
260 1036 319 1075 tenui
327 1037 385 1074 victu
393 1035 487 1080 durabit,
497 1034 566 1073 Ofello

129 1086 205 1125 Judice
214 1099 219 1131 ς
233 1098 284 1125 nam
291 1086 369 1125 frustra
376 1086 452 1124 vitium
458 1085 556 1124 vitaveris
564 1084 626 1129 illud,

129 1137 151 1175 Si
160 1142 180 1176 te
188 1138 229 1177 elio
237 1148 327 1187 pravum
334 1136 452 1175 detorseris.
479 1135 602 1181 Audimus,

129 1187 168 1226 eui
177 1188 246 1234 Canis,
255 1199 283 1226 ex
290 1199 340 1226 vero
348 1188 443 1232 ductum,
452 1197 568 1235 cognomen
576 1185 678 1231 adhaeret,

129 1237 281 1287 Quinquennes
289 1237 347 1276 oleas
355 1242 387 1276 est
395 1242 416 1276 et
424 1237 527 1276 silvestria
535 1247 606 1281 corna„

131 1288 166 1333 Ac,
177 1289 219 1328 uisi
227 1293 339 1334 mutatum.
348 1289 417 1337 parcit
429 1287 635 1332 defunderevinum
649 1290 678 1333 et,

129 1339 192 1387 Cujus
201 1340 287 1379 odorem
296 1339 338 1378 olei
345 1349 438 1387 nequeas
446 1338 538 1387 perterre
546 1337 629 1385 (licebit

129 1388 170 1427 Ille
178 1391 265 1438 repotia,
275 1389 362 1435 nautes,
372 1389 449 1428 aliosve
457 1389 539 1427 dierum
705 1389 730 1425 6⁰

129 1438 201 1477 Festos
210 1439 293 1479 albatus
301 1439 402 1487 celebret)
411 1450 476 1478 cornu
484 1440 529 1488 ipse
537 1437 609 1476 bilibri

130 1489 230 1529 caulibus
240 1490 335 1536 instillat,
345 1491 421 1529 veteris
429 1501 471 1529 non
477 1499 552 1538 pareus
559 1489 621 1527 aceti.

129 1539 193 1581 Quali
203 1541 266 1589 igitur
273 1541 422 1589 victusapiens
430 1544 506 1585 utetur,
516 1539 620 1578 ethorum

130 1590 206 1630 Utrum
222 1591 354 1630 imitabitur?
388 1591 435 1630 Hac
450 1590 597 1639 urgebimus,
616 1588 659 1628 hac
671 1589 730 1628 canit

130 1645 278 1738 Munfflte'rit,
287 1692 325 1740 qui
332 1703 376 1730 uon
383 1691 478 1730 offendat
484 1691 593 1735 sordium
607 1693 674 1738 atque
706 1740 711 1748 .

130 1742 156 1780 ln
165 1747 263 1781 neutram
269 1747 350 1792 partem
359 1741 428 1781 cultus
436 1743 506 1780 miser.
527 1741 569 1779 Hic
577 1751 649 1789 neque
657 1750 729 1786 servis,

130 1791 204 1831 Albuti
213 1793 269 1831 senis
277 1792 381 1841 exemplo,
392 1792 444 1831 dum
453 1792 526 1830 munia
532 1791 593 1835 didit,

130 1843 203 1882 Saevus
211 1843 258 1889 erit,
267 1854 343 1891 neque,
352 1844 407 1881 sicut
414 1842 505 1890 simplex
513 1840 607 1886 Navius,
616 1843 706 1880 unctam

130 1894 227 1933 Convivis
234 1893 339 1942 praebebit
345 1903 435 1942 uquam:
449 1893 525 1931 vitium
532 1892 573 1930 boc
578 1901 731 1940 quoquemass·

180 1955 239 1983 uum.

130 1994 208 2043 Accipe
213 2005 276 2040 nune,
282 1994 349 2032 victus
357 1994 427 2032 tenuis
436 2003 484 2042 quar
492 1995 615 2040 quantaque
624 2002 698 2031 secum
707 1990 731 2030 7⁰

131 2043 217 2082 Afferat
243 2044 269 2082 ln
278 2044 351 2092 primia
358 2044 430 2082 valeas
437 2045 503 2082 bene:
517 2053 568 2081 nem
575 2043 642 2081 varie
649 2053 684 2082 ras

131 2093 160 2131 Ut
168 2098 258 2133 noceant
266 2093 353 2140 homiui,
362 2096 442 2140 credas,
451 2105 532 2132 memor
540 2093 599 2132 illius
606 2103 671 2139 esoce,

130 2143 184 2187 Quoe
192 2143 283 2192 simplex
291 2143 342 2182 olim
350 2145 389 2182 tibi
397 2145 485 2189 sederit3
499 2139 522 2183 sit
529 2143 593 2182 simul
602 2144 656 2183 assis

131 2192 241 2231 Miscueris
249 2194 312 2238 elixa,
321 2194 385 2232 simul
393 2194 505 2243 conchylis
513 2194 591 2238 turdis;

131 2241 208 2282 Dulcia
215 2254 237 2281 se
246 2242 268 2282 in
276 2243 342 2283 bilem
351 2249 439 2290 vertent,
449 2244 599 2294 stomachoque
612 2243 731 2284 tumultum
