1562 2568
117 179 155 216 226
281 177 306 218 Q.
321 176 445 217 nontin
460 177 559 216 Ptsccl

117 294 162 335 Scis
170 293 281 339 simulam
296 293 402 342 quidhoc,
411 293 430 332 si
437 293 510 332 trectis
518 297 591 331 enatat
598 304 676 343 exspes
695 297 721 334 2ο
773 276 774 331 i

117 342 220 390 Navibus,
227 354 269 383 esre
278 345 327 383 dato
335 344 373 394 qui
380 344 487 393 pingiturl
508 343 616 392 Amphora
622 346 689 394 coepit
773 376 774 379 ,

118 395 216 440 institui;
231 398 327 433 currente
336 398 382 433 rota
392 404 430 432 cur
437 405 514 433 urceus
522 394 579 433 exiti

118 445 216 494 Denique
224 445 252 484 sit
259 445 355 493 quodvis,
364 443 456 493 simplex
464 445 570 484 duntaxat
577 450 599 483 et
607 455 684 484 unum.

143 495 239 535 Maxima
246 498 380 544 parsvatum,
389 499 450 544 pater
458 497 573 543 etJ'uvenes
582 499 642 543 patre
651 497 720 544 digni,

117 546 241 595 Decipimur
248 545 318 594 specie
326 545 385 584 recti.
412 544 485 584 Brevis
495 557 540 584 esse
548 545 628 591 laboro,

119 596 225 635 Obscurus
232 596 270 640 ἧος
285 599 402 635 sectantem
410 595 466 635 levia
473 596 533 635 nervi

117 647 223 685 Deficiunt
231 646 349 695 animique;
364 646 471 695 professus
478 646 566 695 grandia
573 649 654 695 turget:

117 697 187 746 Serpit
192 696 253 735 humi
260 701 319 736 tutus
328 697 419 736 nimium
428 697 557 745 timidusque
565 696 673 745 procellae.

117 747 159 793 Qui
167 748 249 786 variare
257 748 317 797 cupit
324 758 370 786 rem
378 747 523 797 prodigialiter
531 758 603 791 unam,

117 796 249 847 Delphinum
257 798 315 837 silvis
324 798 426 847 appingit,
435 798 536 837 ductibus
544 808 626 846 eprurn.
695 802 720 838 lo

117 848 144 887 In
152 848 229 888 vitium
237 849 297 889 ducit
303 849 373 898 euipae
379 849 436 896 iuga,
446 849 464 887 si
472 852 530 887 caret
537 853 589 886 arte.

117 899 229 939 AEmilium
237 900 293 939 circa
301 898 377 939 ludum
385 899 445 937 inber
452 909 508 937 unus
517 903 539 937 et
547 909 629 946 ungues

118 950 259 998 Exprimeret
267 949 342 988 molles
350 949 470 989 imitabitur
477 959 519 987 esre
528 949 622 997 capillos,

118 999 198 1039 inielix
206 1002 275 1050 operis
282 1011 372 1046 summa,
381 1000 432 1048 quia
443 1010 521 1049 ponere
529 1004 599 1038 totum

117 1050 210 1090 Nesciet.
236 1051 300 1090 Hunc
309 1062 347 1099 ego
356 1062 397 1095 me,
405 1051 423 1089 si
431 1051 484 1100 quid
491 1061 616 1099 componere
625 1062 704 1097 curem,

118 1101 167 1141 Non
176 1102 244 1150 magis
250 1102 373 1146 esserelim,
384 1112 449 1150 quarn
458 1112 509 1139 naso
517 1100 588 1139 vivere
596 1112 668 1149 pravo,

117 1152 262 1201 Spectandum
269 1153 334 1200 nigris
342 1151 409 1191 oculis
417 1152 519 1200 nigroque
528 1150 613 1200 capillo.

141 1203 222 1242 Sumite
230 1203 342 1242 materiam
349 1203 430 1246 vestrm,
438 1202 476 1250 qui
484 1201 581 1248 scribitis,
590 1212 677 1251 nsquam

116 1252 214 1298 Viribus:
229 1258 252 1292 et
258 1257 340 1292 versate
349 1254 392 1300 diu,
402 1252 455 1301 quid
461 1252 515 1291 ferre
523 1256 628 1298 recusent,
773 1300 774 1305 ¹

118 1303 176 1349 Quid
183 1304 269 1342 valeant
276 1303 366 1342 humeri.
393 1303 432 1342 Cui
439 1303 495 1342 lecta
503 1307 601 1351 potenter
609 1302 650 1341 erit
657 1315 699 1349 res.

116 1354 161 1393 Nec
169 1355 271 1393 facundia
279 1355 362 1392 deseret
369 1354 433 1397 hunc,
442 1364 482 1392 nec
491 1353 574 1392 lucidus
582 1353 642 1392 ordo.
694 1356 718 1392 41
773 1382 774 1405 ,

104 1410 107 1423 '
116 1404 201 1444 Ordinis
208 1404 255 1444 haec
264 1404 330 1443 virtus
339 1405 379 1443 erit
385 1407 407 1442 et
414 1403 492 1450 Venus,
502 1408 540 1442 aut
548 1414 587 1451 ego
596 1403 667 1450 fallor,

116 1454 146 1493 Ut
151 1455 196 1504 jam
203 1466 260 1494 nunc
269 1455 326 1493 dicat
332 1456 379 1503 jam
387 1466 444 1493 nunc
452 1454 552 1493 debentia
560 1454 609 1500 dici,

118 1505 222 1555 Pleraque
230 1504 314 1544 differat
320 1510 342 1543 et
350 1515 443 1553 praesens
450 1505 473 1543 in
481 1509 566 1553 tempus
574 1505 667 1544 omittat.

66 1540 84 1607 ¹„
142 1556 168 1595 ln
175 1557 245 1595 verbis
254 1556 318 1595 etiem
328 1556 398 1594 tenuis
406 1560 523 1604 cautusque
533 1555 635 1602 serendis,

69 1608 98 1643 *a
118 1607 164 1646 Hoc
171 1612 234 1653 amet,
243 1606 284 1645 hoc
293 1611 379 1656 spernat
390 1606 488 1655 promissi
494 1605 594 1645 carminis
602 1610 683 1646 auctor.

118 1658 202 1697 Dixeris
210 1657 299 1706 egregie,
309 1661 384 1696 notum
392 1657 411 1695 si
417 1656 495 1696 callida
502 1657 592 1695 verbum

118 1708 244 1747 Reddiderit
249 1709 351 1756 Junctura
362 1719 448 1747 novum.
475 1707 496 1745 Si
504 1707 559 1746 forte
567 1717 653 1747 necesse
661 1711 694 1746 est

119 1759 207 1799 indiciis
215 1763 332 1798 monstrare
340 1758 461 1797 recentibus
469 1758 543 1796 abdita
550 1769 632 1803 rerum

117 1810 205 1858 Fingere
213 1810 312 1848 cinctutis
321 1821 364 1847 non
373 1809 474 1848 exaudita
482 1808 579 1857 Cethegis
693 1810 719 1846 50

118 1860 239 1909 Continget;
254 1861 381 1908 dabiturque
389 1859 477 1898 licentio
484 1865 556 1898 sumta
563 1859 674 1908 pudenter.

118 1911 145 1948 Et
154 1922 208 1949 nove
215 1911 307 1959 fictaque
316 1922 384 1959 nuper
391 1910 503 1949 habebunt
510 1910 651 1956 verbanden,
661 1909 680 1949 si

118 1962 192 1998 Graeco
199 1961 258 1999 ionte
267 1962 350 2006 cadant,
360 1972 422 2010 parce
430 1960 518 1999 detorta.
546 1960 603 2007 Quid
611 1960 699 1999 auternl

118 2011 202 2049 Caecilio
212 2010 330 2060 Plautoque
338 2012 397 2049 dabit
406 2011 522 2056 Romanus,
532 2011 642 2050 ademtum

118 2059 206 2107 Virgilio
216 2061 334 2110 Varioque?
348 2073 386 2111 ego
395 2071 439 2106 cur,
449 2062 557 2109 acquirere
566 2072 636 2110 panes

118 2110 140 2146 si
147 2120 240 2158 possum,
249 2111 351 2159 invideor,
359 2122 426 2161 quum
435 2110 508 2159 lingua
516 2112 603 2151 Catonis
611 2110 697 2152 eruunt

118 2159 241 2198 Sermonem
248 2162 341 2209 patrium
348 2162 454 2215 ditaverit,
462 2167 484 2200 et
492 2173 547 2200 nora
554 2173 626 2201 rerum

118 2209 210 2248 Nomine
217 2211 339 2259 protulerit?
366 2212 442 2259 Licuit,
451 2210 575 2262 semperque
586 2213 667 2259 licebit,
