<?xml version="1.0" encoding="UTF-8"?>
<!DOCTYPE html PUBLIC "-//W3C//DTD XHTML 1.0 Transitional//EN"
    "http://www.w3.org/TR/xhtml1/DTD/xhtml1-transitional.dtd">
<html xmlns="http://www.w3.org/1999/xhtml" xml:lang="en" lang="en">
 <head>
  <title>
</title>
<meta http-equiv="Content-Type" content="text/html;charset=utf-8" />
  <meta name='ocr-system' content='tesseract 3.04.00' />
  <meta name='ocr-capabilities' content='ocr_page ocr_carea ocr_par ocr_line ocrx_word'/>
</head>
<body>
  <div class='ocr_page' id='page_1' title='image "./opera04horagoog_0256.png"; bbox 0 0 1562 2568; ppageno 0'>
   <div class='ocr_carea' id='block_1_1' title="bbox 202 175 668 218">
    <p class='ocr_par' dir='ltr' id='par_1_1' title="bbox 202 175 668 218">
     <span class='ocr_line' id='line_1_1' title="bbox 202 175 668 218; baseline 0.009 -4"><span class='ocrx_word' id='word_1_1' title='bbox 202 175 340 216; x_wconf 83' lang='lat' dir='ltr'>EPISTOLA</span> <span class='ocrx_word' id='word_1_2' title='bbox 353 177 394 215; x_wconf 83' lang='lat' dir='ltr'>AD</span> <span class='ocrx_word' id='word_1_3' title='bbox 408 177 534 218; x_wconf 68' lang='lat' dir='ltr'>Pisones,</span> <span class='ocrx_word' id='word_1_4' title='bbox 630 182 668 218; x_wconf 78' lang='lat'>229</span> 
     </span>
    </p>
   </div>
   <div class='ocr_carea' id='block_1_2' title="bbox 10 291 745 2062">
    <p class='ocr_par' dir='ltr' id='par_1_2' title="bbox 10 291 745 2062">
     <span class='ocr_line' id='line_1_2' title="bbox 64 291 610 336; baseline 0.007 -6"><span class='ocrx_word' id='word_1_5' title='bbox 64 295 78 313; x_wconf 87' lang='lat'><strong>“</strong></span> <span class='ocrx_word' id='word_1_6' title='bbox 85 293 206 331; x_wconf 73' lang='lat' dir='ltr'>Fortunam</span> <span class='ocrx_word' id='word_1_7' title='bbox 215 291 293 330; x_wconf 74' lang='lat' dir='ltr'>Priami</span> <span class='ocrx_word' id='word_1_8' title='bbox 301 293 393 332; x_wconf 73' lang='lat' dir='ltr'>cantabo</span> <span class='ocrx_word' id='word_1_9' title='bbox 401 297 423 332; x_wconf 87' lang='lat' dir='ltr'>et</span> <span class='ocrx_word' id='word_1_10' title='bbox 430 293 501 332; x_wconf 85' lang='lat' dir='ltr'>nobile</span> <span class='ocrx_word' id='word_1_11' title='bbox 509 293 610 336; x_wconf 86' lang='lat' dir='ltr'>bellum.”</span> 
     </span>
     <span class='ocr_line' id='line_1_3' title="bbox 62 342 596 393; baseline 0.006 -13"><span class='ocrx_word' id='word_1_12' title='bbox 62 343 124 388; x_wconf 80' lang='lat' dir='ltr'>Quid</span> <span class='ocrx_word' id='word_1_13' title='bbox 132 342 221 391; x_wconf 80' lang='lat' dir='ltr'>dignum</span> <span class='ocrx_word' id='word_1_14' title='bbox 229 347 289 381; x_wconf 73' lang='lat' dir='ltr'>tanto</span> <span class='ocrx_word' id='word_1_15' title='bbox 297 342 351 382; x_wconf 84' lang='lat' dir='ltr'>teret</span> <span class='ocrx_word' id='word_1_16' title='bbox 358 343 393 382; x_wconf 91' lang='lat' dir='ltr'>hic</span> <span class='ocrx_word' id='word_1_17' title='bbox 401 344 514 393; x_wconf 88' lang='lat' dir='ltr'>promissor</span> <span class='ocrx_word' id='word_1_18' title='bbox 521 344 596 383; x_wconf 83' lang='lat' dir='ltr'>hietut</span> 
     </span>
     <span class='ocr_line' id='line_1_4' title="bbox 63 393 566 439; baseline 0.006 -8"><span class='ocrx_word' id='word_1_19' title='bbox 63 393 192 432; x_wconf 81' lang='lat' dir='ltr'>Perturiunt</span> <span class='ocrx_word' id='word_1_20' title='bbox 199 397 288 439; x_wconf 89' lang='lat' dir='ltr'>montes,</span> <span class='ocrx_word' id='word_1_21' title='bbox 297 398 396 433; x_wconf 80' lang='lat' dir='ltr'>noscetur</span> <span class='ocrx_word' id='word_1_22' title='bbox 403 394 504 434; x_wconf 85' lang='lat' dir='ltr'>ridiculus</span> <span class='ocrx_word' id='word_1_23' title='bbox 512 405 566 434; x_wconf 86' lang='lat' dir='ltr'>mue.</span> 
     </span>
     <span class='ocr_line' id='line_1_5' title="bbox 62 443 667 495; baseline 0 -10"><span class='ocrx_word' id='word_1_24' title='bbox 62 444 152 485; x_wconf 78' lang='lat' dir='ltr'>Quanto</span> <span class='ocrx_word' id='word_1_25' title='bbox 160 443 238 482; x_wconf 87' lang='lat' dir='ltr'>rectius</span> <span class='ocrx_word' id='word_1_26' title='bbox 246 443 288 490; x_wconf 88' lang='lat' dir='ltr'>hic,</span> <span class='ocrx_word' id='word_1_27' title='bbox 298 445 335 492; x_wconf 90' lang='lat' dir='ltr'>qui</span> <span class='ocrx_word' id='word_1_28' title='bbox 343 445 374 483; x_wconf 90' lang='lat' dir='ltr'>nil</span> <span class='ocrx_word' id='word_1_29' title='bbox 382 445 469 484; x_wconf 89' lang='lat' dir='ltr'>molitur</span> <span class='ocrx_word' id='word_1_30' title='bbox 477 446 559 495; x_wconf 83' lang='lat' dir='ltr'>inepte:</span> <span class='ocrx_word' id='word_1_31' title='bbox 631 448 667 485; x_wconf 72' lang='lat' dir='ltr'>tio</span> 
     </span>
     <span class='ocr_line' id='line_1_6' title="bbox 63 493 665 546; baseline 0.008 -15"><span class='ocrx_word' id='word_1_32' title='bbox 63 496 77 515; x_wconf 75' lang='lat'>‘⁴</span> <span class='ocrx_word' id='word_1_33' title='bbox 84 494 126 532; x_wconf 90' lang='lat' dir='ltr'>Dic</span> <span class='ocrx_word' id='word_1_34' title='bbox 132 493 193 539; x_wconf 87' lang='lat' dir='ltr'>mihi,</span> <span class='ocrx_word' id='word_1_35' title='bbox 203 494 272 540; x_wconf 81' lang='lat' dir='ltr'>Musa,</span> <span class='ocrx_word' id='word_1_36' title='bbox 279 494 354 541; x_wconf 85' lang='lat' dir='ltr'>virum,</span> <span class='ocrx_word' id='word_1_37' title='bbox 364 501 432 546; x_wconf 82' lang='lat' dir='ltr'>ceptae</span> <span class='ocrx_word' id='word_1_38' title='bbox 438 500 485 545; x_wconf 90' lang='lat' dir='ltr'>post</span> <span class='ocrx_word' id='word_1_39' title='bbox 490 501 585 546; x_wconf 78' lang='lat' dir='ltr'>tempora</span> <span class='ocrx_word' id='word_1_40' title='bbox 590 496 665 546; x_wconf 69' lang='lat' dir='ltr'>Troice,</span> 
     </span>
     <span class='ocr_line' id='line_1_7' title="bbox 62 544 615 587; baseline 0.002 -2"><span class='ocrx_word' id='word_1_41' title='bbox 62 544 106 585; x_wconf 80' lang='lat' dir='ltr'>Qui</span> <span class='ocrx_word' id='word_1_42' title='bbox 114 555 186 583; x_wconf 86' lang='lat' dir='ltr'>mores</span> <span class='ocrx_word' id='word_1_43' title='bbox 194 544 306 583; x_wconf 87' lang='lat' dir='ltr'>homiuum</span> <span class='ocrx_word' id='word_1_44' title='bbox 314 545 430 585; x_wconf 86' lang='lat' dir='ltr'>multorum</span> <span class='ocrx_word' id='word_1_45' title='bbox 440 547 495 585; x_wconf 83' lang='lat' dir='ltr'>vidit</span> <span class='ocrx_word' id='word_1_46' title='bbox 502 551 524 586; x_wconf 88' lang='lat' dir='ltr'>et</span> <span class='ocrx_word' id='word_1_47' title='bbox 532 546 615 587; x_wconf 87' lang='lat' dir='ltr'>urbes.”</span> 
     </span>
     <span class='ocr_line' id='line_1_8' title="bbox 63 594 628 643; baseline 0.007 -11"><span class='ocrx_word' id='word_1_48' title='bbox 63 595 114 634; x_wconf 91' lang='lat' dir='ltr'>Non</span> <span class='ocrx_word' id='word_1_49' title='bbox 122 594 208 634; x_wconf 76' lang='lat' dir='ltr'>fumum</span> <span class='ocrx_word' id='word_1_50' title='bbox 216 606 243 633; x_wconf 83' lang='lat' dir='ltr'>ex</span> <span class='ocrx_word' id='word_1_51' title='bbox 251 594 340 643; x_wconf 81' lang='lat' dir='ltr'>fulgore,</span> <span class='ocrx_word' id='word_1_52' title='bbox 349 597 387 635; x_wconf 85' lang='lat' dir='ltr'>sed</span> <span class='ocrx_word' id='word_1_53' title='bbox 395 609 423 636; x_wconf 80' lang='lat' dir='ltr'>ex</span> <span class='ocrx_word' id='word_1_54' title='bbox 433 597 492 636; x_wconf 81' lang='lat' dir='ltr'>fumo</span> <span class='ocrx_word' id='word_1_55' title='bbox 499 598 550 638; x_wconf 79' lang='lat' dir='ltr'>dure</span> <span class='ocrx_word' id='word_1_56' title='bbox 557 597 628 637; x_wconf 86' lang='lat' dir='ltr'>lucem</span> 
     </span>
     <span class='ocr_line' id='line_1_9' title="bbox 62 645 636 698; baseline 0.009 -15"><span class='ocrx_word' id='word_1_57' title='bbox 62 645 154 693; x_wconf 77' lang='lat' dir='ltr'>Cogitat,</span> <span class='ocrx_word' id='word_1_58' title='bbox 164 649 189 684; x_wconf 90' lang='lat' dir='ltr'>ut</span> <span class='ocrx_word' id='word_1_59' title='bbox 197 647 292 694; x_wconf 83' lang='lat' dir='ltr'>speciose</span> <span class='ocrx_word' id='word_1_60' title='bbox 300 646 377 686; x_wconf 89' lang='lat' dir='ltr'>dehinc</span> <span class='ocrx_word' id='word_1_61' title='bbox 387 647 492 687; x_wconf 79' lang='lat' dir='ltr'>miraculo</span> <span class='ocrx_word' id='word_1_62' title='bbox 500 654 589 698; x_wconf 78' lang='lat' dir='ltr'>promet,</span> <span class='ocrx_word' id='word_1_63' title='bbox 635 648 636 653; x_wconf 76' lang='grc'>’</span> 
     </span>
     <span class='ocr_line' id='line_1_10' title="bbox 63 695 664 749; baseline 0.007 -15"><span class='ocrx_word' id='word_1_64' title='bbox 63 695 431 746; x_wconf 80' lang='lat' dir='ltr'>Antiphatem,Scyllemque,eteum</span> <span class='ocrx_word' id='word_1_65' title='bbox 436 698 525 748; x_wconf 83' lang='lat' dir='ltr'>Cyclope</span> <span class='ocrx_word' id='word_1_66' title='bbox 530 699 664 749; x_wconf 75' lang='lat' dir='ltr'>charybdim.</span> 
     </span>
     <span class='ocr_line' id='line_1_11' title="bbox 10 746 575 799; baseline 0.007 -15"><span class='ocrx_word' id='word_1_67' title='bbox 10 774 12 779; x_wconf 69' lang='lat'>,</span> <span class='ocrx_word' id='word_1_68' title='bbox 62 746 108 785; x_wconf 88' lang='lat' dir='ltr'>Nee</span> <span class='ocrx_word' id='word_1_69' title='bbox 116 747 210 785; x_wconf 85' lang='lat' dir='ltr'>reditum</span> <span class='ocrx_word' id='word_1_70' title='bbox 218 748 326 786; x_wconf 88' lang='lat' dir='ltr'>Diomedis</span> <span class='ocrx_word' id='word_1_71' title='bbox 334 747 361 785; x_wconf 82' lang='lat' dir='ltr'>ab</span> <span class='ocrx_word' id='word_1_72' title='bbox 370 748 457 787; x_wconf 84' lang='lat' dir='ltr'>interitu</span> <span class='ocrx_word' id='word_1_73' title='bbox 466 749 575 799; x_wconf 73' lang='lat' dir='ltr'>Meleagri,</span> 
     </span>
     <span class='ocr_line' id='line_1_12' title="bbox 62 796 595 846; baseline 0.004 -11"><span class='ocrx_word' id='word_1_74' title='bbox 62 796 108 836; x_wconf 87' lang='lat' dir='ltr'>Nec</span> <span class='ocrx_word' id='word_1_75' title='bbox 116 798 202 846; x_wconf 87' lang='lat' dir='ltr'>gemino</span> <span class='ocrx_word' id='word_1_76' title='bbox 210 797 292 836; x_wconf 86' lang='lat' dir='ltr'>bellum</span> <span class='ocrx_word' id='word_1_77' title='bbox 300 797 416 846; x_wconf 75' lang='lat' dir='ltr'>Troianum</span> <span class='ocrx_word' id='word_1_78' title='bbox 424 799 505 837; x_wconf 88' lang='lat' dir='ltr'>orditur</span> <span class='ocrx_word' id='word_1_79' title='bbox 513 801 541 839; x_wconf 78' lang='lat' dir='ltr'>ab</span> <span class='ocrx_word' id='word_1_80' title='bbox 549 812 595 840; x_wconf 86' lang='lat' dir='ltr'>ovo.</span> 
     </span>
     <span class='ocr_line' id='line_1_13' title="bbox 62 848 666 898; baseline 0.008 -12"><span class='ocrx_word' id='word_1_81' title='bbox 62 848 151 898; x_wconf 83' lang='lat' dir='ltr'>Semper</span> <span class='ocrx_word' id='word_1_82' title='bbox 158 849 187 887; x_wconf 82' lang='lat' dir='ltr'>ed</span> <span class='ocrx_word' id='word_1_83' title='bbox 194 853 294 887; x_wconf 86' lang='lat' dir='ltr'>eventum</span> <span class='ocrx_word' id='word_1_84' title='bbox 302 848 396 893; x_wconf 78' lang='lat' dir='ltr'>festinet,</span> <span class='ocrx_word' id='word_1_85' title='bbox 405 852 427 887; x_wconf 89' lang='lat' dir='ltr'>et</span> <span class='ocrx_word' id='word_1_86' title='bbox 435 849 458 888; x_wconf 87' lang='lat' dir='ltr'>in</span> <span class='ocrx_word' id='word_1_87' title='bbox 467 850 596 896; x_wconf 74' lang='lat' dir='ltr'>medioeres,</span> <span class='ocrx_word' id='word_1_88' title='bbox 661 890 666 898; x_wconf 78' lang='grc'>,</span> 
     </span>
     <span class='ocr_line' id='line_1_14' title="bbox 62 897 574 949; baseline 0.004 -12"><span class='ocrx_word' id='word_1_89' title='bbox 62 897 111 937; x_wconf 88' lang='lat' dir='ltr'>Non</span> <span class='ocrx_word' id='word_1_90' title='bbox 120 909 181 938; x_wconf 89' lang='lat' dir='ltr'>secus</span> <span class='ocrx_word' id='word_1_91' title='bbox 190 910 215 938; x_wconf 81' lang='lat' dir='ltr'>ec</span> <span class='ocrx_word' id='word_1_92' title='bbox 223 903 289 945; x_wconf 72' lang='lat' dir='ltr'>notes,</span> <span class='ocrx_word' id='word_1_93' title='bbox 299 899 417 938; x_wconf 77' lang='lat' dir='ltr'>auditorem</span> <span class='ocrx_word' id='word_1_94' title='bbox 425 899 487 948; x_wconf 84' lang='lat' dir='ltr'>repit,</span> <span class='ocrx_word' id='word_1_95' title='bbox 496 904 519 939; x_wconf 87' lang='lat' dir='ltr'>et</span> <span class='ocrx_word' id='word_1_96' title='bbox 526 911 574 949; x_wconf 76' lang='lat' dir='ltr'>quer</span> 
     </span>
     <span class='ocr_line' id='line_1_15' title="bbox 62 948 725 1001; baseline 0.008 -15"><span class='ocrx_word' id='word_1_97' title='bbox 62 948 168 998; x_wconf 83' lang='lat' dir='ltr'>Desperst</span> <span class='ocrx_word' id='word_1_98' title='bbox 174 953 264 989; x_wconf 66' lang='lat' dir='ltr'>neotete</span> <span class='ocrx_word' id='word_1_99' title='bbox 272 950 375 988; x_wconf 78' lang='lat' dir='ltr'>nitescere</span> <span class='ocrx_word' id='word_1_100' title='bbox 383 960 451 999; x_wconf 89' lang='lat' dir='ltr'>posse,</span> <span class='ocrx_word' id='word_1_101' title='bbox 460 949 573 1000; x_wconf 74' lang='lat' dir='ltr'>relinquit,</span> <span class='ocrx_word' id='word_1_102' title='bbox 626 953 662 992; x_wconf 80' lang='lat' dir='ltr'>loo</span> <span class='ocrx_word' id='word_1_103' title='bbox 720 998 725 1001; x_wconf 29' lang='lat'>¹</span> 
     </span>
     <span class='ocr_line' id='line_1_16' title="bbox 61 999 723 1052; baseline 0.005 -14"><span class='ocrx_word' id='word_1_104' title='bbox 61 999 132 1048; x_wconf 77' lang='lat' dir='ltr'>Atque</span> <span class='ocrx_word' id='word_1_105' title='bbox 141 1000 290 1046; x_wconf 65' lang='lat' dir='ltr'>immoretur,</span> <span class='ocrx_word' id='word_1_106' title='bbox 299 1001 329 1038; x_wconf 91' lang='lat' dir='ltr'>sic</span> <span class='ocrx_word' id='word_1_107' title='bbox 337 1000 392 1039; x_wconf 84' lang='lat' dir='ltr'>veris</span> <span class='ocrx_word' id='word_1_108' title='bbox 400 1000 566 1048; x_wconf 75' lang='lat' dir='ltr'>fulseremisoet,</span> <span class='ocrx_word' id='word_1_109' title='bbox 699 1010 723 1052; x_wconf 54' lang='grc' dir='ltr'>(ᾗ</span> 
     </span>
     <span class='ocr_line' id='line_1_17' title="bbox 61 1049 590 1101; baseline 0.006 -13"><span class='ocrx_word' id='word_1_110' title='bbox 61 1049 133 1088; x_wconf 89' lang='lat' dir='ltr'>Primo</span> <span class='ocrx_word' id='word_1_111' title='bbox 142 1062 170 1090; x_wconf 92' lang='lat' dir='ltr'>ne</span> <span class='ocrx_word' id='word_1_112' title='bbox 178 1052 279 1097; x_wconf 82' lang='lat' dir='ltr'>medium,</span> <span class='ocrx_word' id='word_1_113' title='bbox 288 1051 360 1089; x_wconf 89' lang='lat' dir='ltr'>medio</span> <span class='ocrx_word' id='word_1_114' title='bbox 367 1062 396 1090; x_wconf 92' lang='lat' dir='ltr'>ne</span> <span class='ocrx_word' id='word_1_115' title='bbox 404 1052 509 1101; x_wconf 88' lang='lat' dir='ltr'>discrepet</span> <span class='ocrx_word' id='word_1_116' title='bbox 516 1052 590 1092; x_wconf 85' lang='lat' dir='ltr'>imum.</span> 
     </span>
     <span class='ocr_line' id='line_1_18' title="bbox 86 1100 745 1151; baseline 0.005 -12"><span class='ocrx_word' id='word_1_117' title='bbox 86 1101 126 1145; x_wconf 88' lang='lat' dir='ltr'>Tu,</span> <span class='ocrx_word' id='word_1_118' title='bbox 136 1101 188 1149; x_wconf 88' lang='lat' dir='ltr'>quid</span> <span class='ocrx_word' id='word_1_119' title='bbox 197 1113 235 1151; x_wconf 88' lang='lat' dir='ltr'>ego</span> <span class='ocrx_word' id='word_1_120' title='bbox 244 1106 266 1141; x_wconf 89' lang='lat' dir='ltr'>et</span> <span class='ocrx_word' id='word_1_121' title='bbox 272 1100 364 1151; x_wconf 86' lang='lat' dir='ltr'>populns</span> <span class='ocrx_word' id='word_1_122' title='bbox 372 1113 458 1141; x_wconf 89' lang='lat' dir='ltr'>mecum</span> <span class='ocrx_word' id='word_1_123' title='bbox 466 1102 579 1149; x_wconf 81' lang='lat' dir='ltr'>desideret,</span> <span class='ocrx_word' id='word_1_124' title='bbox 589 1105 647 1144; x_wconf 83' lang='lat' dir='ltr'>audi.</span> <span class='ocrx_word' id='word_1_125' title='bbox 723 1102 745 1113; x_wconf 61' lang='lat'>”³</span> 
     </span>
     <span class='ocr_line' id='line_1_19' title="bbox 61 1150 560 1202; baseline 0.01 -15"><span class='ocrx_word' id='word_1_126' title='bbox 61 1150 83 1187; x_wconf 91' lang='lat' dir='ltr'>Si</span> <span class='ocrx_word' id='word_1_127' title='bbox 91 1151 195 1199; x_wconf 86' lang='lat' dir='ltr'>plausoris</span> <span class='ocrx_word' id='word_1_128' title='bbox 204 1164 252 1201; x_wconf 85' lang='lat' dir='ltr'>eges</span> <span class='ocrx_word' id='word_1_129' title='bbox 261 1152 331 1191; x_wconf 68' lang='lat' dir='ltr'>cium</span> <span class='ocrx_word' id='word_1_130' title='bbox 337 1153 450 1199; x_wconf 78' lang='lat' dir='ltr'>manentis,</span> <span class='ocrx_word' id='word_1_131' title='bbox 460 1156 482 1191; x_wconf 91' lang='lat' dir='ltr'>et</span> <span class='ocrx_word' id='word_1_132' title='bbox 492 1164 560 1202; x_wconf 85' lang='lat' dir='ltr'>usque</span> 
     </span>
     <span class='ocr_line' id='line_1_20' title="bbox 61 1201 535 1251; baseline 0.006 -12"><span class='ocrx_word' id='word_1_133' title='bbox 61 1201 142 1240; x_wconf 76' lang='lat' dir='ltr'>Sessmi</span> <span class='ocrx_word' id='word_1_134' title='bbox 151 1202 218 1242; x_wconf 89' lang='lat' dir='ltr'>donec</span> <span class='ocrx_word' id='word_1_135' title='bbox 226 1207 299 1242; x_wconf 80' lang='lat' dir='ltr'>centor</span> <span class='ocrx_word' id='word_1_136' title='bbox 309 1203 349 1241; x_wconf 80' lang='lat' dir='ltr'>Vos</span> <span class='ocrx_word' id='word_1_137' title='bbox 355 1204 459 1251; x_wconf 79' lang='lat' dir='ltr'>plaudite,</span> <span class='ocrx_word' id='word_1_138' title='bbox 469 1203 535 1248; x_wconf 61' lang='lat' dir='ltr'>dicen</span> 
     </span>
     <span class='ocr_line' id='line_1_21' title="bbox 60 1250 536 1302; baseline 0.008 -13"><span class='ocrx_word' id='word_1_139' title='bbox 60 1250 137 1291; x_wconf 83' lang='lat' dir='ltr'>AEtetis</span> <span class='ocrx_word' id='word_1_140' title='bbox 146 1254 250 1302; x_wconf 71' lang='lat' dir='ltr'>cujusque</span> <span class='ocrx_word' id='word_1_141' title='bbox 258 1254 347 1292; x_wconf 76' lang='lat' dir='ltr'>notandi</span> <span class='ocrx_word' id='word_1_142' title='bbox 355 1259 405 1294; x_wconf 89' lang='lat' dir='ltr'>sunt</span> <span class='ocrx_word' id='word_1_143' title='bbox 413 1253 453 1292; x_wconf 89' lang='lat' dir='ltr'>tibi</span> <span class='ocrx_word' id='word_1_144' title='bbox 460 1265 536 1300; x_wconf 88' lang='lat' dir='ltr'>mores,</span> 
     </span>
     <span class='ocr_line' id='line_1_22' title="bbox 60 1302 575 1353; baseline 0.008 -14"><span class='ocrx_word' id='word_1_145' title='bbox 60 1302 219 1353; x_wconf 85' lang='lat' dir='ltr'>Mobilibusque</span> <span class='ocrx_word' id='word_1_146' title='bbox 226 1306 289 1344; x_wconf 88' lang='lat' dir='ltr'>decor</span> <span class='ocrx_word' id='word_1_147' title='bbox 296 1306 378 1344; x_wconf 81' lang='lat' dir='ltr'>naturis</span> <span class='ocrx_word' id='word_1_148' title='bbox 386 1305 469 1344; x_wconf 81' lang='lat' dir='ltr'>dendus</span> <span class='ocrx_word' id='word_1_149' title='bbox 477 1309 499 1344; x_wconf 88' lang='lat' dir='ltr'>ct</span> <span class='ocrx_word' id='word_1_150' title='bbox 506 1306 575 1346; x_wconf 74' lang='lat' dir='ltr'>annis.</span> 
     </span>
     <span class='ocr_line' id='line_1_23' title="bbox 60 1351 589 1405; baseline 0.011 -15"><span class='ocrx_word' id='word_1_151' title='bbox 60 1351 158 1392; x_wconf 80' lang='lat' dir='ltr'>Reddere</span> <span class='ocrx_word' id='word_1_152' title='bbox 167 1355 203 1403; x_wconf 91' lang='lat' dir='ltr'>qui</span> <span class='ocrx_word' id='word_1_153' title='bbox 211 1366 272 1395; x_wconf 80' lang='lat' dir='ltr'>voees</span> <span class='ocrx_word' id='word_1_154' title='bbox 278 1356 324 1403; x_wconf 79' lang='lat' dir='ltr'>Jem</span> <span class='ocrx_word' id='word_1_155' title='bbox 332 1357 372 1395; x_wconf 87' lang='lat' dir='ltr'>scit</span> <span class='ocrx_word' id='word_1_156' title='bbox 379 1367 432 1405; x_wconf 85' lang='lat' dir='ltr'>puer</span> <span class='ocrx_word' id='word_1_157' title='bbox 440 1360 462 1394; x_wconf 89' lang='lat' dir='ltr'>et</span> <span class='ocrx_word' id='word_1_158' title='bbox 469 1356 523 1405; x_wconf 90' lang='lat' dir='ltr'>pede</span> <span class='ocrx_word' id='word_1_159' title='bbox 532 1361 589 1396; x_wconf 87' lang='lat' dir='ltr'>certo</span> 
     </span>
     <span class='ocr_line' id='line_1_24' title="bbox 59 1403 615 1456; baseline 0.009 -15"><span class='ocrx_word' id='word_1_160' title='bbox 59 1403 132 1451; x_wconf 83' lang='lat' dir='ltr'>Signat</span> <span class='ocrx_word' id='word_1_161' title='bbox 139 1403 235 1451; x_wconf 88' lang='lat' dir='ltr'>humum,</span> <span class='ocrx_word' id='word_1_162' title='bbox 244 1408 308 1454; x_wconf 87' lang='lat' dir='ltr'>gestit</span> <span class='ocrx_word' id='word_1_163' title='bbox 315 1407 401 1456; x_wconf 82' lang='lat' dir='ltr'>paribus</span> <span class='ocrx_word' id='word_1_164' title='bbox 410 1405 523 1454; x_wconf 84' lang='lat' dir='ltr'>colludere,</span> <span class='ocrx_word' id='word_1_165' title='bbox 533 1408 615 1446; x_wconf 81' lang='lat' dir='ltr'>etitem</span> 
     </span>
     <span class='ocr_line' id='line_1_25' title="bbox 11 1454 656 1504; baseline 0.008 -13"><span class='ocrx_word' id='word_1_166' title='bbox 11 1492 14 1504; x_wconf 60' lang='grc'><strong>,</strong></span> <span class='ocrx_word' id='word_1_167' title='bbox 59 1454 143 1503; x_wconf 82' lang='lat' dir='ltr'>Colligit</span> <span class='ocrx_word' id='word_1_168' title='bbox 151 1466 177 1493; x_wconf 83' lang='lat' dir='ltr'>ec</span> <span class='ocrx_word' id='word_1_169' title='bbox 184 1457 244 1504; x_wconf 87' lang='lat' dir='ltr'>ponit</span> <span class='ocrx_word' id='word_1_170' title='bbox 253 1461 338 1503; x_wconf 85' lang='lat' dir='ltr'>temere,</span> <span class='ocrx_word' id='word_1_171' title='bbox 348 1461 369 1496; x_wconf 87' lang='lat' dir='ltr'>et</span> <span class='ocrx_word' id='word_1_172' title='bbox 376 1462 472 1496; x_wconf 77' lang='lat' dir='ltr'>mutatur</span> <span class='ocrx_word' id='word_1_173' title='bbox 479 1458 502 1496; x_wconf 93' lang='lat' dir='ltr'>in</span> <span class='ocrx_word' id='word_1_174' title='bbox 510 1457 580 1497; x_wconf 81' lang='lat' dir='ltr'>horse.</span> <span class='ocrx_word' id='word_1_175' title='bbox 621 1461 656 1497; x_wconf 85' lang='lat'>160</span> 
     </span>
     <span class='ocr_line' id='line_1_26' title="bbox 11 1504 553 1555; baseline 0.011 -14"><span class='ocrx_word' id='word_1_176' title='bbox 11 1514 17 1535; x_wconf 70' lang='lat'>‚-</span> <span class='ocrx_word' id='word_1_177' title='bbox 59 1504 169 1545; x_wconf 79' lang='lat' dir='ltr'>imberbes</span> <span class='ocrx_word' id='word_1_178' title='bbox 175 1507 266 1553; x_wconf 85' lang='lat' dir='ltr'>juvenis,</span> <span class='ocrx_word' id='word_1_179' title='bbox 275 1508 361 1546; x_wconf 73' lang='lat' dir='ltr'>tandem</span> <span class='ocrx_word' id='word_1_180' title='bbox 371 1504 457 1547; x_wconf 73' lang='lat' dir='ltr'>custode</span> <span class='ocrx_word' id='word_1_181' title='bbox 466 1513 553 1555; x_wconf 85' lang='lat' dir='ltr'>remoto,</span> 
     </span>
     <span class='ocr_line' id='line_1_27' title="bbox 60 1556 645 1611; baseline 0.009 -18"><span class='ocrx_word' id='word_1_182' title='bbox 60 1556 143 1594; x_wconf 84' lang='lat' dir='ltr'>Gaudet</span> <span class='ocrx_word' id='word_1_183' title='bbox 150 1556 210 1604; x_wconf 90' lang='lat' dir='ltr'>equis</span> <span class='ocrx_word' id='word_1_184' title='bbox 218 1557 350 1605; x_wconf 69' lang='lat' dir='ltr'>canibusque</span> <span class='ocrx_word' id='word_1_185' title='bbox 359 1562 381 1596; x_wconf 88' lang='lat' dir='ltr'>et</span> <span class='ocrx_word' id='word_1_186' title='bbox 388 1559 455 1606; x_wconf 78' lang='lat' dir='ltr'>aprici</span> <span class='ocrx_word' id='word_1_187' title='bbox 462 1560 557 1611; x_wconf 68' lang='lat' dir='ltr'>gramine</span> <span class='ocrx_word' id='word_1_188' title='bbox 565 1560 645 1608; x_wconf 82' lang='lat' dir='ltr'>cempi;</span> 
     </span>
     <span class='ocr_line' id='line_1_28' title="bbox 59 1606 542 1657; baseline 0.008 -13"><span class='ocrx_word' id='word_1_189' title='bbox 59 1606 134 1645; x_wconf 80' lang='lat' dir='ltr'>Cenem</span> <span class='ocrx_word' id='word_1_190' title='bbox 142 1607 164 1644; x_wconf 89' lang='lat' dir='ltr'>in</span> <span class='ocrx_word' id='word_1_191' title='bbox 172 1606 249 1645; x_wconf 82' lang='lat' dir='ltr'>vitium</span> <span class='ocrx_word' id='word_1_192' title='bbox 256 1607 320 1653; x_wconf 84' lang='lat' dir='ltr'>flecti,</span> <span class='ocrx_word' id='word_1_193' title='bbox 329 1609 468 1647; x_wconf 85' lang='lat' dir='ltr'>monitoribus</span> <span class='ocrx_word' id='word_1_194' title='bbox 475 1620 542 1657; x_wconf 72' lang='lat' dir='ltr'>asper,</span> 
     </span>
     <span class='ocr_line' id='line_1_29' title="bbox 60 1656 503 1707; baseline 0.007 -13"><span class='ocrx_word' id='word_1_195' title='bbox 60 1656 148 1695; x_wconf 89' lang='lat' dir='ltr'>Utilium</span> <span class='ocrx_word' id='word_1_196' title='bbox 157 1657 229 1695; x_wconf 78' lang='lat' dir='ltr'>tardus</span> <span class='ocrx_word' id='word_1_197' title='bbox 236 1657 337 1705; x_wconf 85' lang='lat' dir='ltr'>provisor,</span> <span class='ocrx_word' id='word_1_198' title='bbox 346 1658 446 1707; x_wconf 88' lang='lat' dir='ltr'>prodigus</span> <span class='ocrx_word' id='word_1_199' title='bbox 454 1659 503 1698; x_wconf 84' lang='lat' dir='ltr'>aeris</span> 
     </span>
     <span class='ocr_line' id='line_1_30' title="bbox 59 1707 640 1758; baseline 0.005 -14"><span class='ocrx_word' id='word_1_200' title='bbox 59 1707 163 1751; x_wconf 89' lang='lat' dir='ltr'>Sublimis,</span> <span class='ocrx_word' id='word_1_201' title='bbox 173 1707 312 1757; x_wconf 85' lang='lat' dir='ltr'>cupidusque,</span> <span class='ocrx_word' id='word_1_202' title='bbox 322 1713 343 1745; x_wconf 87' lang='lat' dir='ltr'>et</span> <span class='ocrx_word' id='word_1_203' title='bbox 351 1712 423 1746; x_wconf 79' lang='lat' dir='ltr'>emate</span> <span class='ocrx_word' id='word_1_204' title='bbox 430 1709 549 1756; x_wconf 86' lang='lat' dir='ltr'>relinquere</span> <span class='ocrx_word' id='word_1_205' title='bbox 557 1711 640 1758; x_wconf 85' lang='lat' dir='ltr'>pernix.</span> 
     </span>
     <span class='ocr_line' id='line_1_31' title="bbox 58 1757 514 1807; baseline 0.004 -11"><span class='ocrx_word' id='word_1_206' title='bbox 58 1757 165 1796; x_wconf 80' lang='lat' dir='ltr'>Conversis</span> <span class='ocrx_word' id='word_1_207' title='bbox 171 1757 246 1796; x_wconf 87' lang='lat' dir='ltr'>studiis</span> <span class='ocrx_word' id='word_1_208' title='bbox 255 1762 306 1797; x_wconf 79' lang='lat' dir='ltr'>retes</span> <span class='ocrx_word' id='word_1_209' title='bbox 314 1758 440 1807; x_wconf 77' lang='lat' dir='ltr'>animusque</span> <span class='ocrx_word' id='word_1_210' title='bbox 448 1758 514 1798; x_wconf 84' lang='lat' dir='ltr'>virilis</span> 
     </span>
     <span class='ocr_line' id='line_1_32' title="bbox 58 1808 529 1856; baseline 0.004 -10"><span class='ocrx_word' id='word_1_211' title='bbox 58 1808 138 1847; x_wconf 80' lang='lat' dir='ltr'>Quaerit</span> <span class='ocrx_word' id='word_1_212' title='bbox 145 1818 196 1856; x_wconf 89' lang='lat' dir='ltr'>opes</span> <span class='ocrx_word' id='word_1_213' title='bbox 204 1811 226 1846; x_wconf 88' lang='lat' dir='ltr'>ct</span> <span class='ocrx_word' id='word_1_214' title='bbox 233 1808 344 1855; x_wconf 78' lang='lat' dir='ltr'>amicitiae,</span> <span class='ocrx_word' id='word_1_215' title='bbox 352 1809 441 1848; x_wconf 85' lang='lat' dir='ltr'>inservit</span> <span class='ocrx_word' id='word_1_216' title='bbox 447 1809 529 1856; x_wconf 87' lang='lat' dir='ltr'>honori,</span> 
     </span>
     <span class='ocr_line' id='line_1_33' title="bbox 58 1858 566 1908; baseline 0.002 -11"><span class='ocrx_word' id='word_1_217' title='bbox 58 1858 189 1898; x_wconf 72' lang='lat' dir='ltr'>commisisse</span> <span class='ocrx_word' id='word_1_218' title='bbox 197 1864 258 1897; x_wconf 78' lang='lat' dir='ltr'>cavet</span> <span class='ocrx_word' id='word_1_219' title='bbox 265 1861 323 1908; x_wconf 89' lang='lat' dir='ltr'>quod</span> <span class='ocrx_word' id='word_1_220' title='bbox 330 1870 381 1898; x_wconf 86' lang='lat' dir='ltr'>mox</span> <span class='ocrx_word' id='word_1_221' title='bbox 388 1864 470 1898; x_wconf 79' lang='lat' dir='ltr'>moure</span> <span class='ocrx_word' id='word_1_222' title='bbox 479 1860 566 1900; x_wconf 78' lang='lat' dir='ltr'>laboret.</span> 
     </span>
     <span class='ocr_line' id='line_1_34' title="bbox 58 1908 650 1960; baseline 0.005 -12"><span class='ocrx_word' id='word_1_223' title='bbox 58 1908 127 1948; x_wconf 79' lang='lat' dir='ltr'>Multo</span> <span class='ocrx_word' id='word_1_224' title='bbox 135 1919 206 1948; x_wconf 88' lang='lat' dir='ltr'>senem</span> <span class='ocrx_word' id='word_1_225' title='bbox 215 1909 384 1948; x_wconf 81' lang='lat' dir='ltr'>circumveniunt</span> <span class='ocrx_word' id='word_1_226' title='bbox 391 1911 537 1957; x_wconf 80' lang='lat' dir='ltr'>incommode;</span> <span class='ocrx_word' id='word_1_227' title='bbox 551 1910 585 1950; x_wconf 88' lang='lat' dir='ltr'>vel</span> <span class='ocrx_word' id='word_1_228' title='bbox 593 1914 650 1960; x_wconf 90' lang='lat' dir='ltr'>quod</span> 
     </span>
     <span class='ocr_line' id='line_1_35' title="bbox 11 1960 650 2008; baseline 0.011 -13"><span class='ocrx_word' id='word_1_229' title='bbox 11 1990 12 1995; x_wconf 73' lang='grc'>,</span> <span class='ocrx_word' id='word_1_230' title='bbox 58 1960 142 2005; x_wconf 67' lang='lat' dir='ltr'>(inurit,</span> <span class='ocrx_word' id='word_1_231' title='bbox 151 1963 173 1998; x_wconf 88' lang='lat' dir='ltr'>et</span> <span class='ocrx_word' id='word_1_232' title='bbox 180 1960 272 2000; x_wconf 88' lang='lat' dir='ltr'>inventis</span> <span class='ocrx_word' id='word_1_233' title='bbox 279 1962 343 2000; x_wconf 87' lang='lat' dir='ltr'>miser</span> <span class='ocrx_word' id='word_1_234' title='bbox 351 1962 449 2008; x_wconf 83' lang='lat' dir='ltr'>abstinet,</span> <span class='ocrx_word' id='word_1_235' title='bbox 458 1972 483 2000; x_wconf 79' lang='lat' dir='ltr'>ac</span> <span class='ocrx_word' id='word_1_236' title='bbox 491 1963 553 2002; x_wconf 86' lang='lat' dir='ltr'>timet</span> <span class='ocrx_word' id='word_1_237' title='bbox 559 1963 591 2001; x_wconf 90' lang='lat' dir='ltr'>uti</span> <span class='ocrx_word' id='word_1_238' title='bbox 598 1974 602 2007; x_wconf 87' lang='lat'>;</span> <span class='ocrx_word' id='word_1_239' title='bbox 614 1964 650 2002; x_wconf 83' lang='lat'>170</span> 
     </span>
     <span class='ocr_line' id='line_1_36' title="bbox 57 2009 606 2062; baseline 0.004 -14"><span class='ocrx_word' id='word_1_240' title='bbox 57 2009 96 2048; x_wconf 85' lang='lat' dir='ltr'>Vel</span> <span class='ocrx_word' id='word_1_241' title='bbox 104 2009 159 2059; x_wconf 89' lang='lat' dir='ltr'>quod</span> <span class='ocrx_word' id='word_1_242' title='bbox 166 2020 199 2049; x_wconf 85' lang='lat' dir='ltr'>res</span> <span class='ocrx_word' id='word_1_243' title='bbox 207 2021 281 2050; x_wconf 85' lang='lat' dir='ltr'>omnes</span> <span class='ocrx_word' id='word_1_244' title='bbox 288 2012 363 2051; x_wconf 87' lang='lat' dir='ltr'>timide</span> <span class='ocrx_word' id='word_1_245' title='bbox 370 2012 482 2062; x_wconf 85' lang='lat' dir='ltr'>gelideque</span> <span class='ocrx_word' id='word_1_246' title='bbox 490 2012 596 2053; x_wconf 78' lang='lat' dir='ltr'>ministrat</span> <span class='ocrx_word' id='word_1_247' title='bbox 601 2026 606 2058; x_wconf 88' lang='lat'>;</span> 
     </span>
    </p>
   </div>
   <div class='ocr_carea' id='block_1_3' title="bbox 57 2059 546 2160">
    <p class='ocr_par' dir='ltr' id='par_1_3' title="bbox 57 2059 546 2160">
     <span class='ocr_line' id='line_1_37' title="bbox 57 2059 546 2153; baseline 0 -50"><span class='ocrx_word' id='word_1_248' title='bbox 57 2059 142 2106; x_wconf 73' lang='lat' dir='ltr'>mator,</span> <span class='ocrx_word' id='word_1_249' title='bbox 151 2071 188 2110; x_wconf 91' lang='lat' dir='ltr'>spe</span> <span class='ocrx_word' id='word_1_250' title='bbox 196 2060 277 2153; x_wconf 52' lang='grc' dir='ltr'>Ἥξει,</span> <span class='ocrx_word' id='word_1_251' title='bbox 286 2063 343 2102; x_wconf 85' lang='lat' dir='ltr'>iners</span> <span class='ocrx_word' id='word_1_252' title='bbox 351 2063 466 2112; x_wconf 72' lang='lat' dir='ltr'>avidusque</span> <span class='ocrx_word' id='word_1_253' title='bbox 473 2063 546 2110; x_wconf 82' lang='lat' dir='ltr'>futuri,</span> 
     </span>
     <span class='ocr_line' id='line_1_38' title="bbox 268 2141 273 2160; baseline 0 0"><span class='ocrx_word' id='word_1_254' title='bbox 268 2141 273 2160; x_wconf 73' lang='grc'><em>,</em></span> 
     </span>
    </p>
   </div>
   <div class='ocr_carea' id='block_1_4' title="bbox 48 2110 581 2262">
    <p class='ocr_par' dir='ltr' id='par_1_4' title="bbox 48 2110 581 2262">
     <span class='ocr_line' id='line_1_39' title="bbox 53 2110 538 2163; baseline 0.006 -12"><span class='ocrx_word' id='word_1_255' title='bbox 53 2110 156 2158; x_wconf 67' lang='lat' dir='ltr'>motin,</span> <span class='ocrx_word' id='word_1_256' title='bbox 165 2123 207 2161; x_wconf 89' lang='lat' dir='ltr'>que</span> <span class='ocrx_word' id='word_1_257' title='bbox 282 2113 487 2163; x_wconf 73' lang='lat' dir='ltr'>laudatortemporis</span> <span class='ocrx_word' id='word_1_258' title='bbox 496 2114 538 2154; x_wconf 68' lang='lat' dir='ltr'>acti</span> 
     </span>
     <span class='ocr_line' id='line_1_40' title="bbox 48 2161 526 2251; baseline 0.006 -50"><span class='ocrx_word' id='word_1_259' title='bbox 48 2161 86 2201; x_wconf 59' lang='grc' dir='ltr'>«Β</span> <span class='ocrx_word' id='word_1_260' title='bbox 90 2172 160 2251; x_wconf 59' lang='lat' dir='ltr'>puero,</span> <span class='ocrx_word' id='word_1_261' title='bbox 169 2163 281 2225; x_wconf 73' lang='lat' dir='ltr'>castigator</span> <span class='ocrx_word' id='word_1_262' title='bbox 290 2176 405 2225; x_wconf 75' lang='lat' dir='ltr'>censorque</span> <span class='ocrx_word' id='word_1_263' title='bbox 413 2166 526 2204; x_wconf 85' lang='lat' dir='ltr'>minorum.</span> 
     </span>
     <span class='ocr_line' id='line_1_41' title="bbox 56 2210 581 2262; baseline 0.008 -11"><span class='ocrx_word' id='word_1_264' title='bbox 56 2210 94 2253; x_wconf 73' lang='lat' dir='ltr'>liu</span> <span class='ocrx_word' id='word_1_265' title='bbox 103 2214 260 2257; x_wconf 67' lang='lat' dir='ltr'>tolerantium</span> <span class='ocrx_word' id='word_1_266' title='bbox 267 2220 376 2259; x_wconf 80' lang='lat' dir='ltr'>venientes</span> <span class='ocrx_word' id='word_1_267' title='bbox 383 2217 495 2257; x_wconf 78' lang='lat' dir='ltr'>commode</span> <span class='ocrx_word' id='word_1_268' title='bbox 502 2228 581 2262; x_wconf 85' lang='lat' dir='ltr'>secum,</span> 
     </span>
    </p>
   </div>
   <div class='ocr_carea' id='block_1_5' title="bbox 0 0 786 2568">
    <p class='ocr_par' dir='ltr' id='par_1_5' title="bbox 0 0 786 2568">
     <span class='ocr_line' id='line_1_42' title="bbox 0 0 786 2568; baseline 0 2"><span class='ocrx_word' id='word_1_269' title='bbox 0 0 786 2568; x_wconf 95' lang='lat' dir='ltr'> </span> 
     </span>
    </p>
   </div>
  </div>
 </body>
</html>
