1520 2572
103 154 128 191 96

254 145 278 186 Q·
288 138 411 182 Hortarii
423 134 521 176 rnaccl

156 264 189 302 Sio
197 257 325 300 tauriformis
333 255 424 295 volvitur
432 251 527 294 Aufidus,

155 313 197 356 Qui
205 321 270 359 regna
279 306 350 347 Dauni
359 304 451 354 praefluit
459 300 544 351 appui,

180 365 252 409 Quum
259 359 326 404 savit,
335 355 504 401 horrendamque
513 349 578 390 cultis

207 410 313 451 Diluviem
320 407 435 446 meditatur
443 404 497 452 agila
504 414 509 439 :

157 465 187 504 Ut
194 463 331 502 barbarorum
340 457 440 496 Claudius
449 453 534 502 agmina

158 516 243 554 Ferrata
250 514 310 550 vasto
319 509 385 548 diruit
392 507 480 555 impetu,

183 564 305 610 Primusque
314 563 336 598 et
344 561 448 597 extremos
456 552 556 594 metendo

208 613 286 652 Stravit
293 611 390 654 humum,
400 608 445 647 sina
453 604 513 644 clade
521 603 597 646 victor,

159 666 189 705 Te
198 663 275 713 copias,
284 665 305 700 te
314 659 426 700 consilium
434 660 455 695 et
463 659 510 694 tuos

160 716 270 755 Praebente
279 713 349 751 Divos.
376 710 438 753 Nam,
447 706 486 744 tibi
495 703 580 754 quodie

184 766 259 804 Portus
269 761 404 802 Alexandrea
410 755 501 806 supplex

211 816 239 854 Et
245 823 335 854 vacuam
343 809 443 860 patefecit
450 806 530 851 aulam,

161 867 254 906 Fortuna
261 864 327 903 lustro
335 870 434 911 prospera
444 857 507 896 tertio

162 916 217 957 Belli
226 915 328 955 secundos
336 910 428 951 reddidit
435 908 512 952 exitus,

187 968 323 1014 Laudemque
332 967 353 1002 et
361 965 456 1011 optatum
467 956 558 1006 peractis

213 1016 310 1065 Imperiis
318 1015 382 1053 decus
390 1008 500 1058 arrogavit.

163 1070 193 1110 Ta
202 1068 306 1107 Cantaber
314 1076 356 1103 nou
365 1066 414 1101 ante
423 1057 541 1103 domabilis,

163 1121 288 1167 Medusque,
300 1120 321 1154 et
330 1114 402 1158 ludus,
412 1115 433 1150 te
441 1108 541 1159 profugus
548 1104 636 1154 Scythas

190 1170 287 1213 Miratur,
296 1178 309 1204 o
317 1164 385 1205 tutela
392 1171 485 1212 praeseus

216 1218 284 1257 italiae
293 1216 427 1262 dominaeque
436 1212 521 1251 Romae:

166 1272 202 1315 Te,
212 1269 303 1308 fontium
312 1267 349 1314 qui
357 1264 411 1304 celat
419 1262 516 1310 origines·

167 1320 277 1368 Nilusque,
287 1321 309 1356 et
317 1318 377 1362 later,
387 1319 407 1353 ta
416 1312 503 1362 rapidus
512 1307 586 1356 Tigris,

192 1371 221 1410 Te
229 1367 344 1413 belluosus,
353 1366 390 1415 qui
398 1362 484 1404 remotis

217 1418 330 1467 Obstrepit,
341 1417 443 1460 Oceanus,
454 1409 573 1451 Britannias

168 1472 198 1511 Te
206 1481 249 1509 non
257 1468 353 1518 paventis
361 1467 438 1505 funera
447 1461 528 1507 Galliae,

170 1523 277 1569 Duraeque
285 1518 349 1558 tellus
358 1517 418 1556 audit
426 1513 512 1553 lberiae:

195 1573 224 1612 Te
233 1571 291 1610 oaede
299 1570 415 1618 gaudentes
424 1561 534 1613 Sygambri

219 1620 343 1670 Compositis
351 1620 479 1658 venerantur
487 1612 558 1652 armis.

360 1790 418 1833 ODE
431 1788 478 1828 XV.

309 1920 412 1959 Aooosrr
424 1915 527 1956 Leonas.

174 2025 275 2064 Priansos
283 2021 390 2061 volentem
398 2017 473 2068 proelis
481 2027 515 2055 me
523 2014 590 2064 ioqui.

173 2075 245 2114 victas
254 2076 276 2111 et
283 2073 352 2117 urbes,
361 2068 473 2118 increpuit,
482 2067 535 2116 lyra,

201 2125 233 2162 Ne
241 2133 305 2171 parva
314 2121 446 2171 Tyrrhenum
453 2128 491 2168 per
499 2127 573 2166 aequor

225 2173 278 2211 Vela
286 2174 365 2212 darem.
391 2171 444 2215 Tus,
455 2169 530 2213 caesar,
540 2171 594 2206 aetas
