1520 2572
191 194 351 234 CARMINUM
362 194 416 233 LIB.
431 194 468 233 1v.
602 198 627 235 89

29 313 79 360 Quis
88 312 135 357 soit,
145 321 173 350 an
182 310 283 359 adjicient
290 309 398 349 hodierna
405 309 497 349 mune
505 321 593 350 summae

52 364 159 411 Tempora
168 361 196 399 Di
204 361 290 410 superii

30 414 110 452 cuncto
117 423 194 450 manus
202 411 275 450 andes
282 410 364 459 rugient
370 409 467 458 haeredis‚
477 411 546 450 emloo

52 466 107 510 Quae
115 462 198 501 dederis
206 462 284 500 aolino.

28 514 100 560 Quum
108 511 174 551 semel
182 512 289 559 occideris,
296 516 318 551 et
325 513 351 550 de
359 516 380 550 te
388 512 500 561 splendido
508 511 578 552 Minos

52 564 137 603 Feoorit
144 562 244 607 arbium

30 614 83 659 Non,
93 614 209 662 Torquato,
217 623 289 661 genus,
298 623 342 651 non
350 617 372 651 te
379 613 487 660 facundis,
497 624 540 652 non
549 617 570 652 te

53 664 162 703 Restituet
168 663 243 712 pietas.

29 714 119 754 infernis
128 724 199 762 neque
208 714 265 752 enim
273 715 365 753 tenebris
373 715 443 754 Dione
450 715 558 764 pudicum-

51 765 140 804 Liberot
149 763 288 812 Hippolytum
296 776 301 801 ι

28 815 71 855 Neo
80 816 170 854 Lethea
178 814 236 853 valet
243 815 336 855 Theseus
346 817 471 864 abrumpere
479 826 527 855 caro

51 865 146 905 Vincula
155 864 256 904 Pirithoo.

264 1065 322 1105 ODE
334 1065 396 1104 VIII.

222 1189 257 1228 Ao
270 1189 434 1228 cissosnrun.

77 1267 202 1306 Dorum(
210 1268 293 1314 peteras
301 1268 401 1313 motoque
408 1263 538 1312 commodus,

76 1316 201 1361 censorine,
209 1316 263 1354 meis
271 1325 315 1353 aera
322 1315 430 1354 sodalibus
438 1326 442 1352 :

77 1368 187 1407 Donarem
195 1367 294 1415 tripodas,
304 1366 391 1415 praemis
398 1365 484 1405 fortium

77 1418 202 1461 Graiorum
216 1427 285 1464 neque
293 1419 317 1454 tu
324 1417 415 1465 pessime
422 1427 536 1456 munerum

77 1468 158 1514 Ferres,
168 1467 234 1506 divite
244 1478 278 1505 me
286 1466 366 1505 scilicet
374 1468 457 1513 artium,

77 1519 136 1565 Quas
145 1522 184 1557 snt
194 1517 315 1557 Parrhasius
323 1518 417 1566 protulit,
427 1522 465 1557 aut
473 1517 557 1568 Scopas,

77 1569 120 1608 Ilio
130 1580 190 1615 saxo,
201 1568 287 1616 liquidis
296 1567 331 1606 ille
341 1568 444 1607 coloribus

78 1620 156 1659 sollers
165 1629 223 1657 nuno
231 1618 338 1657 hominem
346 1630 429 1668 ponere,
436 1630 493 1657 nuno
500 1619 576 1657 Deum.

78 1671 120 1709 Sed
129 1681 173 1709 non
180 1669 228 1708 haeo
235 1669 288 1707 milri
296 1669 339 1708 vis:
353 1680 392 1708 neo
399 1669 438 1708 tibi
446 1668 522 1708 talium

78 1720 122 1760 Bes
131 1724 164 1760 est
171 1723 210 1758 aut
218 1720 300 1759 animus
308 1719 431 1758 deliciorum
440 1730 510 1767 egens.

78 1771 166 1810 Gaudes
174 1770 314 1816 carminibus;
328 1770 422 1808 carmina
432 1780 543 1817 possumus

77 1822 172 1866 Donate,
182 1825 204 1859 et
210 1821 301 1870 pretium
308 1820 378 1859 dicere
386 1820 476 1858 muneri.

78 1873 129 1912 Non
137 1871 205 1911 inciso
212 1871 267 1909 notis
275 1881 380 1909 marmore
387 1869 485 1919 publicis,

77 1923 129 1970 (Per
136 1932 185 1972 quae
193 1922 278 1970 spiritus
286 1926 308 1959 et
315 1921 358 1960 ritu
366 1921 422 1959 redii
429 1920 490 1959 bonis

79 1973 131 2012 Post
137 1976 228 2011 mortem
236 1971 323 2011 ducibus
331 1973 346 2020 ;)
362 1982 406 2010 non
414 1969 492 2009 celeres
500 1969 557 2018 fugae

78 2023 217 2073 steetaeque
224 2026 336 2061 retrorsum
344 2020 471 2061 Hannibalis
478 2022 554 2066 mlnae;

78 2074 128 2114 Non
137 2073 243 2123 stipendis
251 2072 383 2121 Carthaginis
392 2072 470 2120 impiae,

79 2125 139 2175 Ejus,
148 2125 186 2173 qui
194 2125 273 2165 domito
281 2134 358 2161 nomen
366 2124 394 2161 ab
403 2121 474 2160 Atrion

78 2175 183 2214 Lnorstus
191 2175 259 2217 rediit.
268 2174 345 2213 elarius
353 2173 449 2211 indicant

79 2224 347 2274 Lsudes,qua1ncalabrae
358 2221 460 2262 Plerides:
476 2232 552 2272 neque,
