1562 2568
194 179 333 221 EPISTOLA
346 181 386 219 AD
400 179 525 219 PISONES.
621 180 657 217 237

60 299 162 350 culpabit
169 299 240 344 duros,
250 298 348 337 incomtis
357 296 432 334 allinet
439 299 509 334 atrum

60 354 189 391 Transverso
197 349 280 389 calmo
288 349 378 396 signum¹
387 347 498 386 ambitiosa
507 346 586 384 recidet

60 404 198 444 Ornamenta,
204 411 280 448 perum
287 399 349 438 claris
358 399 429 437 lucem
437 398 487 436 dare
496 401 562 444 coget,

59 456 142 501 urguet
150 451 249 499 ambigue
258 451 345 495 dietum,
354 449 458 488 mutanda
466 447 549 486 notabit
558 459 562 483 :

60 504 108 541 Fiet
117 501 263 545 Aristarchum
277 512 320 540 non
329 502 392 545 dicet,
402 500 444 538 Cur
452 510 491 547 ego
497 498 590 536 amicum
620 498 657 535 450

60 553 173 591 offendam
181 552 203 590 in
212 552 288 599 nugis?
315 551 356 590 Ha
367 562 430 599 nugae
439 550 493 589 seria
504 550 582 588 ducent

61 604 88 641 ln
95 603 154 642 mala
163 603 255 641 derisum
264 601 330 640 semei
338 607 494 650 exceptumque
502 601 593 639 sinistre.

10 648 12 667 '
60 654 90 692 Ut
97 653 155 692 mala
163 663 227 700 quern
235 652 317 690 scabies
325 656 362 689 aut
370 653 458 690 morbus
466 652 535 699 regius
545 654 611 699 urget,

61 705 107 744 Aut
114 703 221 742 fanaticus
229 711 286 739 error
294 706 316 740 et
323 702 426 740 iracunda
435 703 511 747 Diana,

59 754 170 793 vesanum
178 751 271 800 tetigisse
280 751 356 789 timent
363 751 490 799 fugiuntque
497 756 588 800 poetam,

59 806 103 850 Qui
112 804 209 853 sapiunt;
224 803 305 850 agitant
312 802 379 850 pueri,
387 802 510 849 incautique
518 808 642 851 sequuntur.

58 855 110 901 Hic,
119 856 171 893 dum
177 851 275 892 sublimis
282 862 354 890 versus
361 856 457 889 ructatur
465 856 487 889 et
494 856 555 897 errat,

59 907 91 951 si,
100 905 174 949 veluti,
182 902 270 942 merulis
278 903 379 948 intentus,
389 901 474 945 decidit,
483 912 567 951 auceps,

51 957 88 1007 'ln
96 960 185 1005 puteum
191 954 308 999 ioveamve,
316 952 372 996 licet,
382 951 507 997 succurrite,
519 951 605 1001 longum

58 1006 149 1051 Clamet,
160 1006 184 1043 lo
192 1004 261 1043 eires!
274 1015 317 1041 non
326 1003 354 1042 sit
361 1002 398 1050 qui
406 1001 480 1040 tollere
488 1008 554 1041 curet.
618 1005 656 1041 460

58 1057 83 1095 Si
93 1057 141 1104 quis
149 1060 209 1094 curet
217 1065 279 1103 opem
287 1054 347 1098 ferre,
357 1058 379 1091 et
386 1052 496 1090 demittere
504 1052 584 1100 funem,

58 1105 104 1152 Qui
113 1105 160 1149 sois,
169 1116 197 1143 an
205 1105 298 1153 prudens
306 1104 349 1142 hue
357 1114 379 1142 se
388 1103 493 1151 dejecerit,
502 1107 566 1151 atque

10 1184 11 1189 ,
57 1156 143 1195 Servari
151 1155 219 1194 nolit?
233 1155 309 1200 dicam,
323 1153 430 1202 Siculique
438 1157 507 1202 poetae

9 1206 10 1211 ’
57 1205 156 1246 Narrabo
165 1204 289 1243 interitum:
305 1205 363 1243 Deus
370 1203 496 1243 immortalis
506 1204 579 1243 haberi

56 1258 117 1297 Dum
123 1255 185 1309 eupit
193 1255 338 1306 Empedocles.
349 1256 459 1294 ardentem
467 1254 556 1303 frigidus
562 1254 648 1294 AEtnam

56 1307 152 1346 Insiluit.
180 1307 256 1355 sitim,
265 1306 371 1355 liceatque
380 1307 447 1355 perire
456 1306 534 1354 poetis:

57 1359 154 1398 Invitum
163 1358 200 1407 qui
208 1362 284 1404 servat,
293 1360 350 1397 idem
358 1358 411 1396 facit
417 1357 529 1396 occidenti.

9 1428 10 1459 1
56 1409 79 1448 N
80 1420 104 1448 eo
118 1408 185 1448 semel
194 1408 235 1448 boc
242 1409 306 1455 fecit;
321 1421 367 1453 nec,
376 1409 395 1448 si
403 1411 505 1446 retractus
514 1407 559 1447 en't.
566 1408 611 1455 jam

56 1459 106 1498 Fiet
113 1459 185 1506 bomo.
194 1464 217 1499 et
226 1465 290 1510 ponet
297 1460 385 1499 famose
391 1459 465 1498 mortis
473 1469 573 1496 amorem.

17 1526 25 1544 a
56 1509 104 1549 Neo
112 1511 162 1549 satis
171 1515 259 1560 apparet
266 1523 304 1550 cur
312 1522 384 1549 versus
392 1510 485 1553 factitet;
499 1513 571 1547 utrum
617 1507 654 1547 470

55 1560 163 1600 Iifinxerit
169 1561 192 1598 in
202 1562 281 1609 patrios
289 1562 376 1606 cineres,
387 1571 415 1598 an
424 1560 483 1598 triste
490 1558 585 1597 bidental

55 1609 260 1650 Moseritincestus:
274 1616 330 1649 certe
340 1611 397 1653 furit,
407 1619 432 1647 ae
439 1610 499 1648 velut
509 1620 577 1654 ursus,

55 1661 156 1708 Objeotos
164 1670 234 1698 caveas
241 1659 309 1698 valuit
317 1662 334 1698 si
341 1660 437 1706 frangere
443 1658 542 1704 cimbros,

55 1711 171 1750 indoctum
179 1711 307 1758 doctumque
314 1710 375 1758 fugat
382 1710 481 1748 recitator
489 1710 587 1753 acerbus:

55 1763 127 1807 Quem
135 1770 184 1798 vero
193 1760 287 1809 arripuit,
296 1765 356 1799 tenet
362 1760 487 1808 occiditque,
497 1760 593 1808 legendo,
674 1800 679 1809 ,

56 1811 106 1852 Non
115 1812 205 1850 missura
214 1815 291 1858 eutem,
299 1811 341 1850 nisi
347 1810 411 1860 plene
419 1811 505 1857 cruoris,
515 1810 598 1850 hirudo.
620 1808 672 1901 X
