1562 2568
143 176 149 185 '
188 185 505 228 ammonitionum.
618 188 655 225 22³

60 306 115 353 Quid
121 303 191 350 refert,
199 304 258 343 vivas
267 307 378 342 numerato
386 315 454 353 nuper
462 314 490 342 an
500 302 551 342 olim
559 304 567 340 1

5 390 6 395 ,
61 358 131 396 Emtor
140 354 221 394 Aricini
229 355 337 402 quondam
347 355 441 393 Veientis
450 359 471 393 et
479 354 523 392 arvi

5 410 6 455 ᾖ
61 408 145 447 Emtum
153 409 224 444 ooenat
233 405 286 450 olus,
296 406 392 453 quamvis
401 404 462 444 aliter
469 409 542 454 putat;
557 404 618 443 emtis

5 470 6 503 j
60 459 103 497 Sub
111 460 195 495 noctem
203 456 295 504 gelidam
304 456 366 505 lignis
375 455 487 495 calefactat
494 456 597 499 ahenum

5 510 6 513 ’
61 509 102 547 Sed
109 511 171 546 vocat
179 517 246 554 usque
255 517 324 551 suum,
334 518 377 554 qus
385 507 476 556 populus
485 507 554 545 adsita
561 505 624 544 certis

5 518 7 600 i
60 554 426 605 LimitibusvicinarefugitJ'urgia;
441 562 543 607 tanquam
620 555 654 594 171

5 640 8 681 ¹
60 606 658 708 tulistitittttrttttqttstillis:

123 719 188 754 rema,

62 721 170 799 Peruiutet
177 759 280 805 dominos,
290 763 312 797 et
319 759 382 798 cedat
389 760 412 798 in
421 759 487 798 altera
493 761 548 808 jura.

61 812 101 856 Sic,
110 810 161 859 quia
169 814 284 859 perpetuus
292 809 348 849 nulli
356 811 419 848 datur
426 822 483 856 usus,
493 815 515 849 et
522 810 591 849 haeres

61 862 174 901 Haeredem
182 861 275 907 alterius,
285 860 345 899 velut
351 862 410 899 unda
418 862 540 910 supervenit
547 862 634 906 undam,

60 913 116 954 Quid
123 912 165 951 vici
173 915 267 961 prosunt,
277 915 314 949 aut
322 911 409 950 horreat
431 911 514 957 Quidve
523 910 616 950 Calabris

5 948 6 1030 i
21 992 24 997 -
60 963 154 1003 Saltibus
162 961 240 1011 adjecti
248 962 335 1007 Lucani,
342 962 360 1001 si
368 963 430 1001 metit
438 963 504 1001 Orcus

63 1012 156 1053 Grandia
165 1023 214 1051 oum
221 1013 298 1062 parvis,
307 1024 349 1051 non
359 1013 472 1051 exorabilis
480 1013 546 1051 aurci
603 1036 609 1047 ν
707 1040 711 1051 t

5 1074 6 1099 l
62 1065 168 1109 Gemmas,
177 1074 275 1108 manner,
285 1064 344 1109 ebur,
356 1063 465 1112 Tyrrhena
473 1063 548 1112 sigilla,
557 1062 654 1106 tabellas,
721 1092 728 1107 .,

5 1120 6 1123 ’
62 1116 186 1163 Argentum.
195 1118 263 1152 vestes
273 1113 356 1152 Gaetulo
365 1115 445 1153 murice
454 1115 537 1160 tinctas,
624 1115 658 1151 181
705 1148 722 1165 ν

62 1166 117 1204 Sunt
124 1165 162 1213 qui
170 1175 213 1202 non
221 1165 321 1210 habeant,
331 1169 363 1203 est
371 1166 408 1214 qui
417 1176 460 1203 non
468 1169 528 1203 curat
535 1163 621 1203 habere.
689 1172 724 1231 Ψ

62 1217 104 1255 Cur
113 1215 167 1253 alter
175 1214 265 1253 fratrum
276 1226 364 1260 cessare,
373 1219 395 1254 et
403 1215 482 1261 ludere,
493 1220 514 1254 et
521 1214 585 1303 ung?

61 1266 165 1305 Praeferat
175 1264 265 1304 Herodis
272 1266 371 1314 palmetis
379 1267 503 1315 pinguibus;
518 1265 560 1304 alte
573 1293 578 1309 ,

61 1317 127 1356 Dives
135 1319 157 1354 et
165 1316 304 1365 importunus,
312 1318 341 1355 ad
348 1317 446 1356 umbram
454 1317 508 1356 lucis
516 1317 543 1355 ab
552 1320 600 1355 ortu

62 1367 185 1406 Silvestrem
193 1368 284 1405 flammis
293 1371 315 1406 et
323 1368 377 1406 ferro
386 1368 468 1417 mitiget
479 1379 560 1416 agrum,

62 1417 108 1457 Scit
117 1417 203 1464 Genius,
213 1417 284 1456 natale
294 1429 364 1457 eomes
373 1419 409 1467 qui
418 1422 522 1468 temperat
530 1422 616 1463 astrum,

5 1482 7 1521 1
62 1468 152 1508 Naturae
162 1468 219 1507 Deus
227 1468 334 1514 humane,
346 1469 441 1509 mortalis
448 1471 470 1507 in
479 1481 556 1508 unum-

62 1519 168 1567 Quodque
176 1522 246 1566 caput,
255 1518 317 1557 vultu
325 1519 440 1567 mutabilis,
449 1520 510 1559 albus
518 1524 540 1557 et
548 1523 599 1558 ater.

63 1569 123 1613 Utar,
133 1573 155 1607 et
163 1579 190 1606 ex
198 1569 288 1614 modico,
297 1573 401 1617 quantum
409 1582 442 1610 res
450 1573 528 1619 poscet,
538 1580 612 1608 acervo
627 1569 662 1608 190

62 1619 160 1663 Tollam3
174 1629 214 1656 nec
222 1623 317 1656 metuam
325 1620 377 1668 quid
385 1620 412 1659 de
420 1632 454 1659 me
461 1621 543 1669 judicet
550 1620 624 1665 haeres,

63 1671 128 1717 Quod
136 1679 179 1707 non
186 1667 248 1717 plura
256 1669 310 1707 datis
320 1669 434 1715 invenerit;
449 1677 471 1709 et
478 1675 550 1709 tamen
556 1671 614 1708 idem

62 1722 122 1761 Scire
130 1718 208 1763 volam,
218 1722 322 1767 quantum
331 1720 421 1770 simplex
428 1721 544 1767 hilarisque
554 1721 626 1769 nepoti

63 1773 182 1818 Discrepet‚
191 1773 213 1808 et
221 1773 325 1817 quantum
334 1770 439 1810 discordet
447 1781 522 1821 parcus
531 1781 601 1809 avaro.

63 1822 136 1864 Distat
141 1820 204 1865 enim,
210 1830 296 1868 spargas
303 1825 340 1858 tua
346 1822 451 1871 prodigus,
460 1833 488 1859 an
494 1831 563 1868 neque
569 1826 664 1861 sumtum

63 1872 149 1912 invitus
157 1870 229 1923 facias,
239 1882 308 1919 neque
316 1870 378 1919 plura
386 1883 460 1921 parare
468 1872 551 1910 labores
558 1884 562 1916 ;

64 1924 97 1962 Ac
106 1922 183 1973 potius,
192 1931 246 1970 puer
252 1926 278 1960 ut
285 1922 344 1961 iestis
352 1922 516 1972 quinquatribus
524 1922 581 1969 olim,

65 1973 151 2022 Exiguo
160 1976 260 2021 grauique
269 1972 345 2012 fruaris
353 1977 447 2023 tempore
455 1972 540 2022 raptim.

63 2023 171 2113 Paupetrie
205 2023 317 2063 immunda
337 2025 419 2073 domus,
435 2023 509 2075 procul
525 2024 591 2064 absit:
613 2036 658 2074 ego,

115 2085 168 2113 uru

65 2124 129 2165 Nave
136 2125 192 2164 ferar
199 2135 277 2174 magna
285 2137 313 2166 an
319 2136 390 2175 parva,
400 2127 456 2169 ferar
463 2136 519 2166 unus
528 2130 550 2164 et
557 2126 621 2167 idem.
629 2127 666 2168 200

50 2188 55 2201 ¹
64 2172 117 2215 iton
125 2176 209 2224 agimur
215 2177 303 2216 tumidis
310 2177 363 2217 velis
372 2178 478 2227 Aquilone
486 2178 591 2224 secundm

31 2256 51 2289 ..¹
64 2224 117 2267 lton
126 2230 198 2267 tamen
208 2228 301 2269 adversis
309 2229 396 2270 aetatem
403 2231 501 2271 ducimus
508 2229 591 2269 lustris
597 2243 602 2277 ;

42 2322 56 2351 ,ι
552 2294 569 2331 Q
