<?xml version="1.0" encoding="UTF-8"?>
<!DOCTYPE html PUBLIC "-//W3C//DTD XHTML 1.0 Transitional//EN"
    "http://www.w3.org/TR/xhtml1/DTD/xhtml1-transitional.dtd">
<html xmlns="http://www.w3.org/1999/xhtml" xml:lang="en" lang="en">
 <head>
  <title>
</title>
<meta http-equiv="Content-Type" content="text/html;charset=utf-8" />
  <meta name='ocr-system' content='tesseract 3.04.00' />
  <meta name='ocr-capabilities' content='ocr_page ocr_carea ocr_par ocr_line ocrx_word'/>
</head>
<body>
  <div class='ocr_page' id='page_1' title='image "./opera04horagoog_0231.png"; bbox 0 0 1562 2568; ppageno 0'>
   <div class='ocr_carea' id='block_1_1' title="bbox 118 151 558 194">
    <p class='ocr_par' dir='ltr' id='par_1_1' title="bbox 118 151 558 194">
     <span class='ocr_line' id='line_1_1' title="bbox 118 151 558 194; baseline 0.005 -4"><span class='ocrx_word' id='word_1_1' title='bbox 118 154 154 190; x_wconf 79' lang='grc'>204</span> <span class='ocrx_word' id='word_1_2' title='bbox 282 153 307 194; x_wconf 68' lang='lat' dir='ltr'>Q</span> <span class='ocrx_word' id='word_1_3' title='bbox 321 151 445 191; x_wconf 79' lang='lat' dir='ltr'>HORATII</span> <span class='ocrx_word' id='word_1_4' title='bbox 459 151 558 192; x_wconf 71' lang='lat' dir='ltr'>snuccl</span> 
     </span>
    </p>
   </div>
   <div class='ocr_carea' id='block_1_2' title="bbox 74 266 744 2239">
    <p class='ocr_par' dir='ltr' id='par_1_2' title="bbox 74 266 744 2135">
     <span class='ocr_line' id='line_1_2' title="bbox 116 266 609 317; baseline 0 -11"><span class='ocrx_word' id='word_1_5' title='bbox 116 269 138 306; x_wconf 86' lang='lat' dir='ltr'>Si</span> <span class='ocrx_word' id='word_1_6' title='bbox 146 267 206 307; x_wconf 72' lang='lat' dir='ltr'>indit</span> <span class='ocrx_word' id='word_1_7' title='bbox 215 278 322 317; x_wconf 84' lang='lat' dir='ltr'>caupona;</span> <span class='ocrx_word' id='word_1_8' title='bbox 338 267 475 306; x_wconf 75' lang='lat' dir='ltr'><strong>Ferentinum</strong></span> <span class='ocrx_word' id='word_1_9' title='bbox 483 266 514 306; x_wconf 86' lang='lat' dir='ltr'>ire</span> <span class='ocrx_word' id='word_1_10' title='bbox 520 268 609 316; x_wconf 83' lang='lat' dir='ltr'>jubebo.</span> 
     </span>
     <span class='ocr_line' id='line_1_3' title="bbox 117 318 653 367; baseline 0.004 -10"><span class='ocrx_word' id='word_1_11' title='bbox 117 319 173 357; x_wconf 88' lang='lat' dir='ltr'>Nam</span> <span class='ocrx_word' id='word_1_12' title='bbox 181 330 251 367; x_wconf 87' lang='lat' dir='ltr'>neque</span> <span class='ocrx_word' id='word_1_13' title='bbox 259 319 360 357; x_wconf 80' lang='lat' dir='ltr'>divitibus</span> <span class='ocrx_word' id='word_1_14' title='bbox 368 318 494 366; x_wconf 86' lang='lat' dir='ltr'>contingunt</span> <span class='ocrx_word' id='word_1_15' title='bbox 501 319 580 366; x_wconf 85' lang='lat' dir='ltr'>gaudia</span> <span class='ocrx_word' id='word_1_16' title='bbox 588 318 640 360; x_wconf 87' lang='lat' dir='ltr'>solis</span> <span class='ocrx_word' id='word_1_17' title='bbox 648 333 653 367; x_wconf 69' lang='grc' dir='ltr'><strong>ς</strong></span> 
     </span>
     <span class='ocr_line' id='line_1_4' title="bbox 116 368 720 418; baseline 0.003 -10"><span class='ocrx_word' id='word_1_18' title='bbox 116 369 162 408; x_wconf 84' lang='lat' dir='ltr'>Nec</span> <span class='ocrx_word' id='word_1_19' title='bbox 169 370 225 407; x_wconf 79' lang='lat' dir='ltr'>vixit</span> <span class='ocrx_word' id='word_1_20' title='bbox 232 368 294 413; x_wconf 87' lang='lat' dir='ltr'>male,</span> <span class='ocrx_word' id='word_1_21' title='bbox 304 369 342 417; x_wconf 88' lang='lat' dir='ltr'>qui</span> <span class='ocrx_word' id='word_1_22' title='bbox 351 373 413 407; x_wconf 85' lang='lat' dir='ltr'>natus</span> <span class='ocrx_word' id='word_1_23' title='bbox 421 369 556 418; x_wconf 81' lang='lat' dir='ltr'>moriensque</span> <span class='ocrx_word' id='word_1_24' title='bbox 568 370 655 409; x_wconf 73' lang='lat' dir='ltr'>fefellit.</span> <span class='ocrx_word' id='word_1_25' title='bbox 696 373 720 410; x_wconf 84' lang='grc'>10</span> 
     </span>
     <span class='ocr_line' id='line_1_5' title="bbox 116 419 621 469; baseline 0.002 -11"><span class='ocrx_word' id='word_1_26' title='bbox 116 420 138 457; x_wconf 84' lang='lat' dir='ltr'>Si</span> <span class='ocrx_word' id='word_1_27' title='bbox 146 421 245 469; x_wconf 87' lang='lat' dir='ltr'>prodesse</span> <span class='ocrx_word' id='word_1_28' title='bbox 253 420 303 463; x_wconf 86' lang='lat' dir='ltr'>tuis,</span> <span class='ocrx_word' id='word_1_29' title='bbox 313 419 419 468; x_wconf 87' lang='lat' dir='ltr'>pauloque</span> <span class='ocrx_word' id='word_1_30' title='bbox 428 420 540 468; x_wconf 74' lang='lat' dir='ltr'>benignius</span> <span class='ocrx_word' id='word_1_31' title='bbox 549 421 621 469; x_wconf 86' lang='lat' dir='ltr'>ipsum</span> 
     </span>
     <span class='ocr_line' id='line_1_6' title="bbox 116 468 632 514; baseline 0.002 -6"><span class='ocrx_word' id='word_1_32' title='bbox 116 470 146 508; x_wconf 88' lang='lat' dir='ltr'>Te</span> <span class='ocrx_word' id='word_1_33' title='bbox 156 474 244 509; x_wconf 81' lang='lat' dir='ltr'>tractare</span> <span class='ocrx_word' id='word_1_34' title='bbox 252 468 316 514; x_wconf 89' lang='lat' dir='ltr'>voles,</span> <span class='ocrx_word' id='word_1_35' title='bbox 326 471 414 508; x_wconf 88' lang='lat' dir='ltr'>accedes</span> <span class='ocrx_word' id='word_1_36' title='bbox 423 470 491 509; x_wconf 75' lang='lat' dir='ltr'>siccus</span> <span class='ocrx_word' id='word_1_37' title='bbox 499 471 527 508; x_wconf 89' lang='lat' dir='ltr'>ad</span> <span class='ocrx_word' id='word_1_38' title='bbox 535 474 632 510; x_wconf 87' lang='lat' dir='ltr'>unctum.</span> 
     </span>
     <span class='ocr_line' id='line_1_7' title="bbox 116 519 570 569; baseline 0.002 -11"><span class='ocrx_word' id='word_1_39' title='bbox 116 521 138 558; x_wconf 79' lang='lat' dir='ltr'>si</span> <span class='ocrx_word' id='word_1_40' title='bbox 145 521 257 569; x_wconf 71' lang='lat' dir='ltr'>pranderet</span> <span class='ocrx_word' id='word_1_41' title='bbox 265 519 312 558; x_wconf 89' lang='lat' dir='ltr'>cius</span> <span class='ocrx_word' id='word_1_42' title='bbox 320 520 432 569; x_wconf 74' lang='lat' dir='ltr'>patienter,</span> <span class='ocrx_word' id='word_1_43' title='bbox 443 521 528 569; x_wconf 88' lang='lat' dir='ltr'>regibus</span> <span class='ocrx_word' id='word_1_44' title='bbox 537 520 570 559; x_wconf 91' lang='lat' dir='ltr'>uti</span> 
     </span>
     <span class='ocr_line' id='line_1_8' title="bbox 117 569 583 619; baseline 0 -10"><span class='ocrx_word' id='word_1_45' title='bbox 117 570 191 609; x_wconf 87' lang='lat' dir='ltr'>Noiiet</span> <span class='ocrx_word' id='word_1_46' title='bbox 198 569 323 619; x_wconf 72' lang='lat' dir='ltr'>Aristippus.</span> <span class='ocrx_word' id='word_1_47' title='bbox 350 572 372 608; x_wconf 90' lang='lat' dir='ltr'>Si</span> <span class='ocrx_word' id='word_1_48' title='bbox 380 571 444 609; x_wconf 87' lang='lat' dir='ltr'>sciret</span> <span class='ocrx_word' id='word_1_49' title='bbox 450 571 535 619; x_wconf 82' lang='lat' dir='ltr'>regibus</span> <span class='ocrx_word' id='word_1_50' title='bbox 543 572 583 615; x_wconf 80' lang='lat' dir='ltr'>uti,</span> 
     </span>
     <span class='ocr_line' id='line_1_9' title="bbox 117 620 641 669; baseline 0.002 -10"><span class='ocrx_word' id='word_1_51' title='bbox 117 621 230 660; x_wconf 83' lang='lat' dir='ltr'>Fastidiret</span> <span class='ocrx_word' id='word_1_52' title='bbox 237 620 290 665; x_wconf 84' lang='lat' dir='ltr'>olus,</span> <span class='ocrx_word' id='word_1_53' title='bbox 298 621 335 669; x_wconf 88' lang='lat' dir='ltr'>qui</span> <span class='ocrx_word' id='word_1_54' title='bbox 343 631 378 660; x_wconf 86' lang='lat' dir='ltr'>me</span> <span class='ocrx_word' id='word_1_55' title='bbox 386 625 453 660; x_wconf 81' lang='lat' dir='ltr'>notet.</span> <span class='ocrx_word' id='word_1_56' title='bbox 480 621 552 660; x_wconf 89' lang='lat' dir='ltr'>Utrius</span> <span class='ocrx_word' id='word_1_57' title='bbox 563 621 641 661; x_wconf 87' lang='lat' dir='ltr'>horum</span> 
     </span>
     <span class='ocr_line' id='line_1_10' title="bbox 116 671 640 720; baseline 0.006 -12"><span class='ocrx_word' id='word_1_58' title='bbox 116 672 186 710; x_wconf 89' lang='lat' dir='ltr'>Verba</span> <span class='ocrx_word' id='word_1_59' title='bbox 194 671 271 720; x_wconf 89' lang='lat' dir='ltr'>probes</span> <span class='ocrx_word' id='word_1_60' title='bbox 279 677 301 710; x_wconf 87' lang='lat' dir='ltr'>et</span> <span class='ocrx_word' id='word_1_61' title='bbox 308 672 371 717; x_wconf 80' lang='lat' dir='ltr'>facte,</span> <span class='ocrx_word' id='word_1_62' title='bbox 380 673 432 710; x_wconf 90' lang='lat' dir='ltr'>doce</span> <span class='ocrx_word' id='word_1_63' title='bbox 441 683 445 716; x_wconf 87' lang='grc'>;</span> <span class='ocrx_word' id='word_1_64' title='bbox 459 671 493 710; x_wconf 84' lang='lat' dir='ltr'>vei</span> <span class='ocrx_word' id='word_1_65' title='bbox 499 672 572 720; x_wconf 75' lang='lat' dir='ltr'>iunior</span> <span class='ocrx_word' id='word_1_66' title='bbox 580 672 640 720; x_wconf 81' lang='lat' dir='ltr'>audi,</span> 
     </span>
     <span class='ocr_line' id='line_1_11' title="bbox 116 721 616 771; baseline 0.004 -12"><span class='ocrx_word' id='word_1_67' title='bbox 116 722 158 760; x_wconf 85' lang='lat' dir='ltr'>Cur</span> <span class='ocrx_word' id='word_1_68' title='bbox 166 722 194 760; x_wconf 85' lang='lat' dir='ltr'>sit</span> <span class='ocrx_word' id='word_1_69' title='bbox 202 721 304 771; x_wconf 85' lang='lat' dir='ltr'>Aristippi</span> <span class='ocrx_word' id='word_1_70' title='bbox 311 722 379 770; x_wconf 87' lang='lat' dir='ltr'>potior</span> <span class='ocrx_word' id='word_1_71' title='bbox 387 723 504 761; x_wconf 85' lang='lat' dir='ltr'>sententia:</span> <span class='ocrx_word' id='word_1_72' title='bbox 522 732 616 771; x_wconf 86' lang='lat' dir='ltr'>namque</span> 
     </span>
     <span class='ocr_line' id='line_1_12' title="bbox 117 772 619 821; baseline 0.004 -11"><span class='ocrx_word' id='word_1_73' title='bbox 117 772 239 811; x_wconf 88' lang='lat' dir='ltr'>Mordacem</span> <span class='ocrx_word' id='word_1_74' title='bbox 248 773 349 821; x_wconf 87' lang='lat' dir='ltr'>Cynicum</span> <span class='ocrx_word' id='word_1_75' title='bbox 358 774 388 812; x_wconf 88' lang='lat' dir='ltr'>sic</span> <span class='ocrx_word' id='word_1_76' title='bbox 397 772 504 818; x_wconf 72' lang='lat' dir='ltr'>eludebat,</span> <span class='ocrx_word' id='word_1_77' title='bbox 513 776 539 811; x_wconf 91' lang='lat' dir='ltr'>ut</span> <span class='ocrx_word' id='word_1_78' title='bbox 546 773 619 812; x_wconf 88' lang='lat' dir='ltr'>aiunt:</span> 
     </span>
     <span class='ocr_line' id='line_1_13' title="bbox 117 822 674 872; baseline 0.005 -11"><span class='ocrx_word' id='word_1_79' title='bbox 117 822 203 861; x_wconf 85' lang='lat' dir='ltr'>Scurror</span> <span class='ocrx_word' id='word_1_80' title='bbox 210 834 249 871; x_wconf 89' lang='lat' dir='ltr'>ego</span> <span class='ocrx_word' id='word_1_81' title='bbox 256 823 301 872; x_wconf 85' lang='lat' dir='ltr'>ipae</span> <span class='ocrx_word' id='word_1_82' title='bbox 310 822 369 870; x_wconf 85' lang='lat' dir='ltr'>mihi¹</span> <span class='ocrx_word' id='word_1_83' title='bbox 379 823 458 872; x_wconf 90' lang='lat' dir='ltr'>populo</span> <span class='ocrx_word' id='word_1_84' title='bbox 467 828 502 862; x_wconf 86' lang='lat' dir='ltr'>tu:</span> <span class='ocrx_word' id='word_1_85' title='bbox 516 824 593 863; x_wconf 80' lang='lat' dir='ltr'>rectius</span> <span class='ocrx_word' id='word_1_86' title='bbox 601 824 643 864; x_wconf 87' lang='lat' dir='ltr'>hcc</span> <span class='ocrx_word' id='word_1_87' title='bbox 650 829 674 864; x_wconf 89' lang='lat' dir='ltr'>et</span> 
     </span>
     <span class='ocr_line' id='line_1_14' title="bbox 117 873 719 923; baseline 0.007 -12"><span class='ocrx_word' id='word_1_88' title='bbox 117 873 253 922; x_wconf 84' lang='lat' dir='ltr'>Splendidius</span> <span class='ocrx_word' id='word_1_89' title='bbox 258 873 327 912; x_wconf 87' lang='lat' dir='ltr'>multo</span> <span class='ocrx_word' id='word_1_90' title='bbox 333 877 377 912; x_wconf 88' lang='lat' dir='ltr'>est:</span> <span class='ocrx_word' id='word_1_91' title='bbox 388 885 455 922; x_wconf 88' lang='lat' dir='ltr'>equus</span> <span class='ocrx_word' id='word_1_92' title='bbox 462 878 486 913; x_wconf 91' lang='lat' dir='ltr'>ut</span> <span class='ocrx_word' id='word_1_93' title='bbox 492 885 527 913; x_wconf 88' lang='lat' dir='ltr'>me</span> <span class='ocrx_word' id='word_1_94' title='bbox 533 878 610 923; x_wconf 86' lang='lat' dir='ltr'>portet,</span> <span class='ocrx_word' id='word_1_95' title='bbox 619 875 719 922; x_wconf 77' lang='lat' dir='ltr'>alatrex,</span> 
     </span>
     <span class='ocr_line' id='line_1_15' title="bbox 117 923 718 973; baseline 0.007 -12"><span class='ocrx_word' id='word_1_96' title='bbox 117 924 215 963; x_wconf 86' lang='lat' dir='ltr'>Officium</span> <span class='ocrx_word' id='word_1_97' title='bbox 224 923 286 962; x_wconf 82' lang='lat' dir='ltr'>facio.</span> <span class='ocrx_word' id='word_1_98' title='bbox 313 924 346 962; x_wconf 80' lang='lat' dir='ltr'>Tu</span> <span class='ocrx_word' id='word_1_99' title='bbox 355 925 424 973; x_wconf 86' lang='lat' dir='ltr'>poscis</span> <span class='ocrx_word' id='word_1_100' title='bbox 432 923 484 963; x_wconf 85' lang='lat' dir='ltr'>viiia</span> <span class='ocrx_word' id='word_1_101' title='bbox 493 935 564 964; x_wconf 87' lang='lat' dir='ltr'>rerum</span> <span class='ocrx_word' id='word_1_102' title='bbox 693 928 718 965; x_wconf 82' lang='lat'>21</span> 
     </span>
     <span class='ocr_line' id='line_1_16' title="bbox 117 974 659 1024; baseline 0.004 -11"><span class='ocrx_word' id='word_1_103' title='bbox 117 975 187 1013; x_wconf 87' lang='lat' dir='ltr'>Dante</span> <span class='ocrx_word' id='word_1_104' title='bbox 195 975 270 1021; x_wconf 87' lang='lat' dir='ltr'>minor,</span> <span class='ocrx_word' id='word_1_105' title='bbox 280 975 376 1024; x_wconf 84' lang='lat' dir='ltr'>quamvis</span> <span class='ocrx_word' id='word_1_106' title='bbox 384 974 426 1013; x_wconf 86' lang='lat' dir='ltr'>fers</span> <span class='ocrx_word' id='word_1_107' title='bbox 434 979 456 1013; x_wconf 89' lang='lat' dir='ltr'>te</span> <span class='ocrx_word' id='word_1_108' title='bbox 464 975 544 1014; x_wconf 89' lang='lat' dir='ltr'>nuliius</span> <span class='ocrx_word' id='word_1_109' title='bbox 553 979 659 1024; x_wconf 76' lang='lat' dir='ltr'>egentem.</span> 
     </span>
     <span class='ocr_line' id='line_1_17' title="bbox 117 1025 662 1074; baseline 0.002 -10"><span class='ocrx_word' id='word_1_110' title='bbox 117 1025 191 1064; x_wconf 84' lang='lat' dir='ltr'>Omnis</span> <span class='ocrx_word' id='word_1_111' title='bbox 200 1026 332 1074; x_wconf 75' lang='lat' dir='ltr'>Aristippum</span> <span class='ocrx_word' id='word_1_112' title='bbox 340 1025 411 1064; x_wconf 87' lang='lat' dir='ltr'>decuit</span> <span class='ocrx_word' id='word_1_113' title='bbox 419 1025 476 1064; x_wconf 89' lang='lat' dir='ltr'>color</span> <span class='ocrx_word' id='word_1_114' title='bbox 484 1029 505 1064; x_wconf 88' lang='lat' dir='ltr'>et</span> <span class='ocrx_word' id='word_1_115' title='bbox 512 1030 581 1064; x_wconf 86' lang='lat' dir='ltr'>status</span> <span class='ocrx_word' id='word_1_116' title='bbox 590 1030 612 1065; x_wconf 89' lang='lat' dir='ltr'>et</span> <span class='ocrx_word' id='word_1_117' title='bbox 619 1037 662 1074; x_wconf 86' lang='lat' dir='ltr'>res,</span> 
     </span>
     <span class='ocr_line' id='line_1_18' title="bbox 117 1075 648 1125; baseline 0.006 -12"><span class='ocrx_word' id='word_1_118' title='bbox 117 1075 245 1115; x_wconf 85' lang='lat' dir='ltr'>Tentantem</span> <span class='ocrx_word' id='word_1_119' title='bbox 253 1076 320 1124; x_wconf 85' lang='lat' dir='ltr'>major</span> <span class='ocrx_word' id='word_1_120' title='bbox 342 1076 386 1115; x_wconf 83' lang='lat' dir='ltr'>iere</span> <span class='ocrx_word' id='word_1_121' title='bbox 402 1076 542 1125; x_wconf 77' lang='lat' dir='ltr'>presentibus</span> <span class='ocrx_word' id='word_1_122' title='bbox 552 1086 648 1125; x_wconf 81' lang='lat' dir='ltr'>aequum.</span> 
     </span>
     <span class='ocr_line' id='line_1_19' title="bbox 117 1126 625 1175; baseline 0.004 -11"><span class='ocrx_word' id='word_1_123' title='bbox 117 1126 201 1170; x_wconf 85' lang='lat' dir='ltr'>Contra,</span> <span class='ocrx_word' id='word_1_124' title='bbox 210 1137 274 1174; x_wconf 85' lang='lat' dir='ltr'>quern</span> <span class='ocrx_word' id='word_1_125' title='bbox 282 1127 325 1174; x_wconf 89' lang='lat' dir='ltr'>dup</span> <span class='ocrx_word' id='word_1_126' title='bbox 336 1126 362 1165; x_wconf 86' lang='lat' dir='ltr'>&#39;ci</span> <span class='ocrx_word' id='word_1_127' title='bbox 398 1130 441 1164; x_wconf 75' lang='lat' dir='ltr'>nnn</span> <span class='ocrx_word' id='word_1_128' title='bbox 449 1126 553 1175; x_wconf 86' lang='lat' dir='ltr'>patientia</span> <span class='ocrx_word' id='word_1_129' title='bbox 560 1126 625 1174; x_wconf 78' lang='lat' dir='ltr'>velat,</span> 
     </span>
     <span class='ocr_line' id='line_1_20' title="bbox 118 1176 552 1223; baseline 0.002 -8"><span class='ocrx_word' id='word_1_130' title='bbox 118 1176 219 1223; x_wconf 88' lang='lat' dir='ltr'>Mirabor,</span> <span class='ocrx_word' id='word_1_131' title='bbox 227 1177 276 1215; x_wconf 80' lang='lat' dir='ltr'>virae</span> <span class='ocrx_word' id='word_1_132' title='bbox 284 1177 319 1214; x_wconf 88' lang='lat' dir='ltr'>via</span> <span class='ocrx_word' id='word_1_133' title='bbox 327 1177 344 1215; x_wconf 89' lang='lat' dir='ltr'>si</span> <span class='ocrx_word' id='word_1_134' title='bbox 353 1187 455 1216; x_wconf 86' lang='lat' dir='ltr'>conversa</span> <span class='ocrx_word' id='word_1_135' title='bbox 462 1177 552 1216; x_wconf 80' lang='lat' dir='ltr'>decebit</span> 
     </span>
     <span class='ocr_line' id='line_1_21' title="bbox 118 1226 627 1276; baseline 0.004 -11"><span class='ocrx_word' id='word_1_136' title='bbox 118 1226 178 1266; x_wconf 82' lang='lat' dir='ltr'>Alter</span> <span class='ocrx_word' id='word_1_137' title='bbox 186 1238 315 1276; x_wconf 88' lang='lat' dir='ltr'>purpureum</span> <span class='ocrx_word' id='word_1_138' title='bbox 326 1238 368 1265; x_wconf 86' lang='lat' dir='ltr'>non</span> <span class='ocrx_word' id='word_1_139' title='bbox 377 1228 510 1276; x_wconf 80' lang='lat' dir='ltr'>exspectabit</span> <span class='ocrx_word' id='word_1_140' title='bbox 517 1227 627 1273; x_wconf 89' lang='lat' dir='ltr'>amictum,</span> 
     </span>
     <span class='ocr_line' id='line_1_22' title="bbox 114 1277 649 1327; baseline 0.004 -11"><span class='ocrx_word' id='word_1_141' title='bbox 114 1277 228 1324; x_wconf 67' lang='lat' dir='ltr'>Quidlibet</span> <span class='ocrx_word' id='word_1_142' title='bbox 235 1278 323 1316; x_wconf 89' lang='lat' dir='ltr'>indutus</span> <span class='ocrx_word' id='word_1_143' title='bbox 331 1277 468 1317; x_wconf 87' lang='lat' dir='ltr'>celeberrima</span> <span class='ocrx_word' id='word_1_144' title='bbox 476 1289 513 1327; x_wconf 89' lang='lat' dir='ltr'>per</span> <span class='ocrx_word' id='word_1_145' title='bbox 521 1277 568 1317; x_wconf 86' lang='lat' dir='ltr'>loca</span> <span class='ocrx_word' id='word_1_146' title='bbox 576 1279 649 1325; x_wconf 81' lang='lat' dir='ltr'>radet,</span> 
     </span>
     <span class='ocr_line' id='line_1_23' title="bbox 118 1328 667 1379; baseline 0.005 -13"><span class='ocrx_word' id='word_1_147' title='bbox 118 1328 274 1376; x_wconf 83' lang='lat' dir='ltr'>Personamque</span> <span class='ocrx_word' id='word_1_148' title='bbox 282 1328 336 1366; x_wconf 83' lang='lat' dir='ltr'>feret</span> <span class='ocrx_word' id='word_1_149' title='bbox 344 1339 386 1367; x_wconf 86' lang='lat' dir='ltr'>nou</span> <span class='ocrx_word' id='word_1_150' title='bbox 394 1328 534 1368; x_wconf 88' lang='lat' dir='ltr'>inconcinnus</span> <span class='ocrx_word' id='word_1_151' title='bbox 540 1333 667 1379; x_wconf 82' lang='lat' dir='ltr'>utramque:</span> 
     </span>
     <span class='ocr_line' id='line_1_24' title="bbox 118 1378 720 1428; baseline 0.005 -12"><span class='ocrx_word' id='word_1_152' title='bbox 118 1378 178 1417; x_wconf 90' lang='lat' dir='ltr'>Alter</span> <span class='ocrx_word' id='word_1_153' title='bbox 187 1378 257 1417; x_wconf 81' lang='lat' dir='ltr'>Mileti</span> <span class='ocrx_word' id='word_1_154' title='bbox 265 1382 346 1417; x_wconf 85' lang='lat' dir='ltr'>textam</span> <span class='ocrx_word' id='word_1_155' title='bbox 354 1390 407 1417; x_wconf 86' lang='lat' dir='ltr'>cane</span> <span class='ocrx_word' id='word_1_156' title='bbox 416 1381 476 1428; x_wconf 82' lang='lat' dir='ltr'>pejus</span> <span class='ocrx_word' id='word_1_157' title='bbox 484 1382 505 1417; x_wconf 92' lang='lat' dir='ltr'>et</span> <span class='ocrx_word' id='word_1_158' title='bbox 513 1390 582 1428; x_wconf 85' lang='lat' dir='ltr'>angue</span> <span class='ocrx_word' id='word_1_159' title='bbox 694 1382 720 1419; x_wconf 82' lang='lat' dir='ltr'>tt</span> 
     </span>
     <span class='ocr_line' id='line_1_25' title="bbox 118 1427 644 1477; baseline 0.002 -10"><span class='ocrx_word' id='word_1_160' title='bbox 118 1429 201 1467; x_wconf 86' lang='lat' dir='ltr'>Vitabit</span> <span class='ocrx_word' id='word_1_161' title='bbox 209 1427 343 1477; x_wconf 79' lang='lat' dir='ltr'>chlamydem</span> <span class='ocrx_word' id='word_1_162' title='bbox 351 1441 356 1475; x_wconf 86' lang='grc'><strong>;</strong></span> <span class='ocrx_word' id='word_1_163' title='bbox 371 1430 472 1468; x_wconf 84' lang='lat' dir='ltr'>morietur</span> <span class='ocrx_word' id='word_1_164' title='bbox 478 1429 563 1477; x_wconf 79' lang='lat' dir='ltr'>frigore,</span> <span class='ocrx_word' id='word_1_165' title='bbox 572 1430 591 1468; x_wconf 87' lang='lat' dir='ltr'>ai</span> <span class='ocrx_word' id='word_1_166' title='bbox 599 1440 644 1469; x_wconf 84' lang='lat' dir='ltr'>non</span> 
     </span>
     <span class='ocr_line' id='line_1_26' title="bbox 119 1478 744 1530; baseline 0.005 -12"><span class='ocrx_word' id='word_1_167' title='bbox 119 1478 226 1518; x_wconf 84' lang='lat' dir='ltr'>Retuieria</span> <span class='ocrx_word' id='word_1_168' title='bbox 234 1491 340 1528; x_wconf 85' lang='lat' dir='ltr'>pannum:</span> <span class='ocrx_word' id='word_1_169' title='bbox 353 1480 415 1525; x_wconf 83' lang='lat' dir='ltr'>refer,</span> <span class='ocrx_word' id='word_1_170' title='bbox 424 1485 447 1519; x_wconf 89' lang='lat' dir='ltr'>et</span> <span class='ocrx_word' id='word_1_171' title='bbox 454 1481 500 1520; x_wconf 84' lang='lat' dir='ltr'>sine</span> <span class='ocrx_word' id='word_1_172' title='bbox 508 1480 566 1518; x_wconf 84' lang='lat' dir='ltr'>vivat</span> <span class='ocrx_word' id='word_1_173' title='bbox 573 1480 667 1530; x_wconf 82' lang='lat' dir='ltr'>ineptus.</span> <span class='ocrx_word' id='word_1_174' title='bbox 741 1490 744 1499; x_wconf 71' lang='grc'><em>’</em></span> 
     </span>
     <span class='ocr_line' id='line_1_27' title="bbox 118 1529 648 1579; baseline 0.006 -11"><span class='ocrx_word' id='word_1_175' title='bbox 118 1529 162 1569; x_wconf 82' lang='lat' dir='ltr'>Res</span> <span class='ocrx_word' id='word_1_176' title='bbox 170 1541 242 1578; x_wconf 78' lang='lat' dir='ltr'>gerere</span> <span class='ocrx_word' id='word_1_177' title='bbox 250 1533 272 1568; x_wconf 91' lang='lat' dir='ltr'>et</span> <span class='ocrx_word' id='word_1_178' title='bbox 279 1535 352 1579; x_wconf 87' lang='lat' dir='ltr'>captos</span> <span class='ocrx_word' id='word_1_179' title='bbox 359 1533 470 1570; x_wconf 84' lang='lat' dir='ltr'>ostendere</span> <span class='ocrx_word' id='word_1_180' title='bbox 478 1531 559 1570; x_wconf 83' lang='lat' dir='ltr'>civibus</span> <span class='ocrx_word' id='word_1_181' title='bbox 567 1531 648 1578; x_wconf 79' lang='lat' dir='ltr'>hostes,</span> 
     </span>
     <span class='ocr_line' id='line_1_28' title="bbox 119 1580 589 1629; baseline 0 -10"><span class='ocrx_word' id='word_1_182' title='bbox 119 1580 211 1629; x_wconf 86' lang='lat' dir='ltr'>Attingit</span> <span class='ocrx_word' id='word_1_183' title='bbox 218 1580 295 1619; x_wconf 88' lang='lat' dir='ltr'>solium</span> <span class='ocrx_word' id='word_1_184' title='bbox 304 1580 370 1623; x_wconf 76' lang='lat' dir='ltr'>iovis.</span> <span class='ocrx_word' id='word_1_185' title='bbox 379 1586 401 1620; x_wconf 89' lang='lat' dir='ltr'>et</span> <span class='ocrx_word' id='word_1_186' title='bbox 408 1581 503 1620; x_wconf 85' lang='lat' dir='ltr'>coelestia</span> <span class='ocrx_word' id='word_1_187' title='bbox 511 1585 581 1620; x_wconf 87' lang='lat' dir='ltr'>tentat</span> <span class='ocrx_word' id='word_1_188' title='bbox 584 1593 589 1627; x_wconf 70' lang='grc' dir='ltr'>ς</span> 
     </span>
     <span class='ocr_line' id='line_1_29' title="bbox 119 1630 668 1680; baseline 0.004 -10"><span class='ocrx_word' id='word_1_189' title='bbox 119 1631 252 1680; x_wconf 84' lang='lat' dir='ltr'>Principibus</span> <span class='ocrx_word' id='word_1_190' title='bbox 259 1630 364 1680; x_wconf 87' lang='lat' dir='ltr'>placuisse</span> <span class='ocrx_word' id='word_1_191' title='bbox 372 1632 427 1677; x_wconf 84' lang='lat' dir='ltr'>viris,</span> <span class='ocrx_word' id='word_1_192' title='bbox 437 1643 480 1670; x_wconf 92' lang='lat' dir='ltr'>non</span> <span class='ocrx_word' id='word_1_193' title='bbox 488 1630 565 1671; x_wconf 85' lang='lat' dir='ltr'>ultima</span> <span class='ocrx_word' id='word_1_194' title='bbox 571 1631 620 1671; x_wconf 86' lang='lat' dir='ltr'>laus</span> <span class='ocrx_word' id='word_1_195' title='bbox 628 1636 668 1672; x_wconf 77' lang='lat' dir='ltr'>est.</span> 
     </span>
     <span class='ocr_line' id='line_1_30' title="bbox 119 1681 651 1730; baseline 0 -11"><span class='ocrx_word' id='word_1_196' title='bbox 119 1681 167 1721; x_wconf 85' lang='lat' dir='ltr'>Nou</span> <span class='ocrx_word' id='word_1_197' title='bbox 176 1682 243 1720; x_wconf 84' lang='lat' dir='ltr'>cuivis</span> <span class='ocrx_word' id='word_1_198' title='bbox 251 1681 332 1720; x_wconf 88' lang='lat' dir='ltr'>homini</span> <span class='ocrx_word' id='word_1_199' title='bbox 340 1683 444 1730; x_wconf 88' lang='lat' dir='ltr'>contingit</span> <span class='ocrx_word' id='word_1_200' title='bbox 451 1683 510 1720; x_wconf 86' lang='lat' dir='ltr'>adire</span> <span class='ocrx_word' id='word_1_201' title='bbox 518 1681 651 1721; x_wconf 83' lang='lat' dir='ltr'>Corinthum.</span> 
     </span>
     <span class='ocr_line' id='line_1_31' title="bbox 119 1732 620 1781; baseline 0 -11"><span class='ocrx_word' id='word_1_202' title='bbox 119 1732 184 1778; x_wconf 85' lang='lat' dir='ltr'>Sedit,</span> <span class='ocrx_word' id='word_1_203' title='bbox 194 1735 231 1781; x_wconf 85' lang='lat' dir='ltr'>qui</span> <span class='ocrx_word' id='word_1_204' title='bbox 239 1732 317 1778; x_wconf 88' lang='lat' dir='ltr'>timuit,</span> <span class='ocrx_word' id='word_1_205' title='bbox 327 1743 354 1770; x_wconf 86' lang='lat' dir='ltr'>ne</span> <span class='ocrx_word' id='word_1_206' title='bbox 362 1744 404 1771; x_wconf 90' lang='lat' dir='ltr'>non</span> <span class='ocrx_word' id='word_1_207' title='bbox 413 1734 547 1777; x_wconf 61' lang='lat' dir='ltr'>succederem</span> <span class='ocrx_word' id='word_1_208' title='bbox 561 1737 606 1772; x_wconf 88' lang='lat' dir='ltr'>esto</span> <span class='ocrx_word' id='word_1_209' title='bbox 615 1745 620 1770; x_wconf 89' lang='lat'>:</span> 
     </span>
     <span class='ocr_line' id='line_1_32' title="bbox 119 1782 636 1832; baseline -0.002 -9"><span class='ocrx_word' id='word_1_210' title='bbox 119 1782 189 1823; x_wconf 73' lang='lat' dir='ltr'>Ouidi</span> <span class='ocrx_word' id='word_1_211' title='bbox 203 1783 239 1831; x_wconf 89' lang='lat' dir='ltr'>qui</span> <span class='ocrx_word' id='word_1_212' title='bbox 247 1783 349 1832; x_wconf 86' lang='lat' dir='ltr'>pervenit,</span> <span class='ocrx_word' id='word_1_213' title='bbox 359 1782 437 1822; x_wconf 85' lang='lat' dir='ltr'>fecitne</span> <span class='ocrx_word' id='word_1_214' title='bbox 445 1783 548 1822; x_wconf 76' lang='lat' dir='ltr'>viriiiter?</span> <span class='ocrx_word' id='word_1_215' title='bbox 569 1783 636 1832; x_wconf 85' lang='lat' dir='ltr'>Atqui</span> 
     </span>
     <span class='ocr_line' id='line_1_33' title="bbox 119 1832 694 1921; baseline 0.003 -50"><span class='ocrx_word' id='word_1_216' title='bbox 119 1832 161 1872; x_wconf 89' lang='lat' dir='ltr'>Hic</span> <span class='ocrx_word' id='word_1_217' title='bbox 168 1836 207 1921; x_wconf 56' lang='grc' dir='ltr'>ξεί,</span> <span class='ocrx_word' id='word_1_218' title='bbox 217 1838 255 1871; x_wconf 90' lang='lat' dir='ltr'>aut</span> <span class='ocrx_word' id='word_1_219' title='bbox 262 1843 374 1882; x_wconf 87' lang='lat' dir='ltr'>nusquam,</span> <span class='ocrx_word' id='word_1_220' title='bbox 384 1834 442 1882; x_wconf 89' lang='lat' dir='ltr'>quod</span> <span class='ocrx_word' id='word_1_221' title='bbox 450 1833 577 1884; x_wconf 72' lang='lat' dir='ltr'>querimus:</span> <span class='ocrx_word' id='word_1_222' title='bbox 593 1833 630 1872; x_wconf 90' lang='lat' dir='ltr'>hic</span> <span class='ocrx_word' id='word_1_223' title='bbox 637 1844 694 1874; x_wconf 80' lang='lat' dir='ltr'>onus</span> 
     </span>
     <span class='ocr_line' id='line_1_34' title="bbox 184 1887 246 1928; baseline 0 -7"><span class='ocrx_word' id='word_1_224' title='bbox 184 1887 246 1928; x_wconf 83' lang='lat' dir='ltr'>orret,</span> 
     </span>
     <span class='ocr_line' id='line_1_35' title="bbox 119 1931 721 1983; baseline 0.007 -13"><span class='ocrx_word' id='word_1_225' title='bbox 119 1931 149 1970; x_wconf 90' lang='lat' dir='ltr'>Ut</span> <span class='ocrx_word' id='word_1_226' title='bbox 157 1933 227 1981; x_wconf 74' lang='lat' dir='ltr'>parvis</span> <span class='ocrx_word' id='word_1_227' title='bbox 235 1933 311 1973; x_wconf 88' lang='lat' dir='ltr'>animis</span> <span class='ocrx_word' id='word_1_228' title='bbox 320 1938 342 1972; x_wconf 87' lang='lat' dir='ltr'>et</span> <span class='ocrx_word' id='word_1_229' title='bbox 349 1944 414 1983; x_wconf 83' lang='lat' dir='ltr'>parvo</span> <span class='ocrx_word' id='word_1_230' title='bbox 422 1945 508 1983; x_wconf 85' lang='lat' dir='ltr'>corpore</span> <span class='ocrx_word' id='word_1_231' title='bbox 516 1935 596 1983; x_wconf 77' lang='lat' dir='ltr'>maius:</span> <span class='ocrx_word' id='word_1_232' title='bbox 693 1936 721 1974; x_wconf 76' lang='grc'>40</span> 
     </span>
     <span class='ocr_line' id='line_1_36' title="bbox 120 1981 703 2035; baseline 0.014 -15"><span class='ocrx_word' id='word_1_233' title='bbox 120 1981 161 2021; x_wconf 85' lang='lat' dir='ltr'>Hic</span> <span class='ocrx_word' id='word_1_234' title='bbox 168 1984 226 2022; x_wconf 87' lang='lat' dir='ltr'>subit</span> <span class='ocrx_word' id='word_1_235' title='bbox 234 1988 255 2022; x_wconf 92' lang='lat' dir='ltr'>et</span> <span class='ocrx_word' id='word_1_236' title='bbox 263 1985 348 2033; x_wconf 75' lang='lat' dir='ltr'>perfert.</span> <span class='ocrx_word' id='word_1_237' title='bbox 375 1985 419 2024; x_wconf 92' lang='lat' dir='ltr'>Aut</span> <span class='ocrx_word' id='word_1_238' title='bbox 427 1986 494 2024; x_wconf 84' lang='lat' dir='ltr'>virtus</span> <span class='ocrx_word' id='word_1_239' title='bbox 500 1995 582 2025; x_wconf 83' lang='lat' dir='ltr'>nomeu</span> <span class='ocrx_word' id='word_1_240' title='bbox 588 1985 654 2029; x_wconf 64' lang='lat' dir='ltr'>lawe</span> <span class='ocrx_word' id='word_1_241' title='bbox 662 1989 703 2035; x_wconf 73' lang='lat' dir='ltr'>eat,</span> 
     </span>
     <span class='ocr_line' id='line_1_37' title="bbox 120 2034 708 2086; baseline 0.012 -16"><span class='ocrx_word' id='word_1_242' title='bbox 120 2034 164 2070; x_wconf 89' lang='lat' dir='ltr'>Aut</span> <span class='ocrx_word' id='word_1_243' title='bbox 172 2034 236 2072; x_wconf 89' lang='lat' dir='ltr'>decus</span> <span class='ocrx_word' id='word_1_244' title='bbox 244 2038 266 2072; x_wconf 90' lang='lat' dir='ltr'>et</span> <span class='ocrx_word' id='word_1_245' title='bbox 274 2036 366 2082; x_wconf 87' lang='lat' dir='ltr'>pretium</span> <span class='ocrx_word' id='word_1_246' title='bbox 374 2039 431 2074; x_wconf 86' lang='lat' dir='ltr'>recte</span> <span class='ocrx_word' id='word_1_247' title='bbox 441 2036 496 2084; x_wconf 84' lang='lat' dir='ltr'>petit</span> <span class='ocrx_word' id='word_1_248' title='bbox 503 2036 667 2086; x_wconf 57' lang='lat' dir='ltr'>exputionum</span> <span class='ocrx_word' id='word_1_249' title='bbox 702 2042 708 2053; x_wconf 87' lang='grc'><em>“</em></span> 
     </span>
     <span class='ocr_line' id='line_1_38' title="bbox 74 2082 567 2135; baseline 0.014 -17"><span class='ocrx_word' id='word_1_250' title='bbox 74 2114 87 2135; x_wconf 54' lang='lat' dir='ltr'>u</span> <span class='ocrx_word' id='word_1_251' title='bbox 119 2082 194 2121; x_wconf 84' lang='lat' dir='ltr'>Coram</span> <span class='ocrx_word' id='word_1_252' title='bbox 202 2094 251 2131; x_wconf 89' lang='lat' dir='ltr'>rege</span> <span class='ocrx_word' id='word_1_253' title='bbox 259 2095 298 2123; x_wconf 84' lang='lat' dir='ltr'>sua</span> <span class='ocrx_word' id='word_1_254' title='bbox 306 2086 332 2124; x_wconf 89' lang='lat' dir='ltr'>de</span> <span class='ocrx_word' id='word_1_255' title='bbox 340 2089 567 2134; x_wconf 81' lang='lat' dir='ltr'>paupertatetaoentes</span> 
     </span>
    </p>

    <p class='ocr_par' dir='ltr' id='par_1_3' title="bbox 89 2131 686 2187">
     <span class='ocr_line' id='line_1_39' title="bbox 89 2131 686 2187; baseline 0.017 -18"><span class='ocrx_word' id='word_1_256' title='bbox 89 2172 94 2185; x_wconf 46' lang='grc'>1</span> <span class='ocrx_word' id='word_1_257' title='bbox 120 2131 171 2171; x_wconf 89' lang='lat' dir='ltr'>Plus</span> <span class='ocrx_word' id='word_1_258' title='bbox 179 2138 278 2181; x_wconf 87' lang='lat' dir='ltr'>poscente</span> <span class='ocrx_word' id='word_1_259' title='bbox 285 2135 365 2175; x_wconf 78' lang='lat' dir='ltr'>serent:</span> <span class='ocrx_word' id='word_1_260' title='bbox 379 2136 450 2183; x_wconf 84' lang='lat' dir='ltr'>distat,</span> <span class='ocrx_word' id='word_1_261' title='bbox 460 2136 686 2187; x_wconf 63' lang='lat' dir='ltr'>summouentem·</span> 
     </span>
    </p>

    <p class='ocr_par' dir='ltr' id='par_1_4' title="bbox 121 2181 695 2239">
     <span class='ocr_line' id='line_1_40' title="bbox 121 2181 695 2239; baseline 0.012 -19"><span class='ocrx_word' id='word_1_262' title='bbox 121 2181 154 2219; x_wconf 82' lang='lat' dir='ltr'>An</span> <span class='ocrx_word' id='word_1_263' title='bbox 162 2183 242 2230; x_wconf 57' lang='lat' dir='ltr'>rapiam</span> <span class='ocrx_word' id='word_1_264' title='bbox 256 2185 316 2233; x_wconf 87' lang='lat' dir='ltr'>atqui</span> <span class='ocrx_word' id='word_1_265' title='bbox 327 2197 398 2225; x_wconf 86' lang='lat' dir='ltr'>rerum</span> <span class='ocrx_word' id='word_1_266' title='bbox 406 2191 471 2236; x_wconf 82' lang='lat' dir='ltr'>caput</span> <span class='ocrx_word' id='word_1_267' title='bbox 479 2188 519 2227; x_wconf 88' lang='lat' dir='ltr'>hoc</span> <span class='ocrx_word' id='word_1_268' title='bbox 526 2194 580 2235; x_wconf 77' lang='lat' dir='ltr'>erat,</span> <span class='ocrx_word' id='word_1_269' title='bbox 587 2190 612 2227; x_wconf 73' lang='lat' dir='ltr'>et</span> <span class='ocrx_word' id='word_1_270' title='bbox 618 2186 695 2239; x_wconf 56' lang='lat' dir='ltr'>iana„</span> 
     </span>
    </p>
   </div>
   <div class='ocr_carea' id='block_1_3' title="bbox 0 0 789 2568">
    <p class='ocr_par' dir='ltr' id='par_1_5' title="bbox 0 0 789 2568">
     <span class='ocr_line' id='line_1_41' title="bbox 0 0 789 2568; baseline 0 0"><span class='ocrx_word' id='word_1_271' title='bbox 0 0 789 2568; x_wconf 95' lang='lat' dir='ltr'> </span> 
     </span>
    </p>
   </div>
  </div>
 </body>
</html>
