1562 2568
210 197 382 239 snrfflnlwn
395 198 451 238 LIB.
461 199 490 238 11.
623 203 658 240 16⁵

59 313 124 353 Gneti
132 312 231 360 infelicis.
241 314 282 354 sibl
289 318 336 354 tum
344 314 424 355 furiosa
432 314 528 354 videtur!

19 390 20 399 1
57 364 154 403 Stultum
162 376 196 403 me
204 364 272 404 fateor
280 365 353 411 (liceat
359 367 476 404 concedere
484 365 549 411 veris)

19 420 20 455 i
57 416 130 463 Atque
135 415 201 453 etism
208 417 317 461 insenum
328 421 411 455 tantum
419 416 459 455 hoo
468 417 566 460 edissere,
575 427 660 464 quomo

58 465 169 514 AEgrotare
178 471 240 515 putes
248 467 316 505 animi
323 468 387 506 vitio?
414 468 504 516 Accipe:
518 467 611 516 primum

59 515 167 561 AEdfficas,
176 517 217 555 hoo
226 523 264 563 est,
274 517 348 565 longos
356 518 452 563 imitaris,
461 519 488 556 ab
496 517 540 556 imo

58 566 92 605 Ad
101 577 209 605 summurn
216 574 272 606 totus
280 568 361 606 moduli
370 568 474 616 bipedalis
483 581 488 614 ς
502 572 524 607 et
531 569 589 608 idem

58 617 148 665 Corpore
157 619 259 665 majorem
267 618 323 656 rides
331 619 436 657 Turbonis
444 619 466 656 in
475 620 539 658 ermis
622 619 660 657 ³10

17 692 18 699 η
58 667 160 716 Spiritum
168 672 190 706 et
195 668 313 706 incessum:
328 668 365 715 qut
373 669 476 708 ridiculus
483 670 556 708 minus
564 669 616 708 illo?

17 728 18 731 ¹
59 718 92 756 An
107 718 249 766 quodcunque
264 718 316 756 iacit
330 718 444 765 Mesenae,
458 724 478 757 te
492 731 659 769 quoqueverum

108 772 147 813 est,

58 817 126 856 Tanto
135 816 267 859 dissimilem.
277 821 299 855 et
307 821 367 855 tanto
374 822 455 856 certare
462 820 582 859 minorem?

57 869 158 908 Absentis
166 879 225 907 ranae
233 867 297 917 pullis
305 866 368 905 vituli
375 869 429 916 pede
437 870 520 917 pressis.

58 918 119 957 Unus
127 919 165 958 ubi
173 919 254 967 effugit,
263 918 326 956 matri
334 918 439 964 denarrat,
448 923 473 956 ut
480 920 554 968 ingens

58 969 135 1007 Bellus
143 976 242 1017 cognatos
250 968 342 1008 eliserit:
356 967 395 1006 ille
404 979 484 1016 rogare,

57 1019 185 1059 Quannner
198 1024 347 1063 numentum,
356 1019 658 1067 sufflansse,magnafuissetr

59 1070 129 1118 Maior
136 1070 232 1108 dimidio.
260 1071 318 1109 Num
326 1071 399 1108 tontot
426 1070 497 1115 Quum
506 1070 573 1118 magis
582 1075 645 1119 atque

58 1120 84 1159 Se
92 1121 161 1168 magis
169 1121 264 1166 inflaret;
279 1132 330 1166 non,
339 1121 357 1159 si
366 1125 387 1158 te
395 1121 484 1169 ruperis,
493 1120 570 1169 inquit,

15 1208 16 1213 ,
58 1170 99 1209 Par
107 1172 155 1209 eris.
174 1171 226 1210 Haec
235 1182 248 1210 s
256 1177 277 1210 te
286 1183 329 1210 non
339 1171 432 1209 multum
441 1170 606 1218 abluditimugo.
621 1173 658 1209 ³2⁰

58 1222 119 1260 Adde
128 1226 227 1269 poemata
235 1233 292 1260 nune
302 1221 350 1269 (hoe
359 1226 397 1267 est,
408 1221 479 1261 oleum
488 1222 542 1260 adde
553 1222 656 1270 camino);

57 1272 111 1317 Quae
118 1271 136 1310 si
144 1271 192 1320 quis
200 1283 237 1311 san
253 1284 263 1311 s
272 1272 330 1318 fecit,
339 1283 404 1311 sanus
413 1272 464 1311 sacis
473 1260 533 1310 etlu.

58 1321 107 1361 Non
115 1321 230 1361 dicohorre
261 1333 296 1361 nm
305 1324 392 1362 rabiem.
419 1322 468 1361 Jam
475 1323 555 1361 desine.
573 1321 659 1361 Cultum

58 1372 163 1421 MaJorem
172 1383 243 1411 sensu.
270 1374 359 1418 Tenens.
371 1373 457 1412 Damasi
472 1385 506 1423 pe,
516 1373 594 1413 tuiste.

58 1423 119 1461 Mille
128 1422 255 1471 puellarum,
265 1435 378 1472 puerorum
385 1424 444 1463 mille
461 1435 539 1463 urores.

57 1473 151 1522 Omejor
160 1474 246 1513 tandem
254 1485 334 1523 parces,
343 1475 424 1521 insane,
433 1475 517 1514 minori.

277 1623 383 1663 SATIRA
397 1623 434 1663 IV.

58 1724 135 1771 Unus,
144 1728 167 1763 et
175 1735 218 1772 quo
228 1723 314 1762 Cetius?
337 1724 385 1763 Non
394 1729 427 1764 est
433 1725 488 1763 mihi
496 1729 580 1774 tempus
588 1728 659 1766 aventi

57 1777 139 1815 Ponere
147 1775 207 1823 signa
215 1774 274 1813 novis
283 1776 400 1823 praeceptis,
410 1775 483 1823 qualia
487 1776 576 1814 vincunt

58 1826 198 1876 Pythagoran,
209 1825 318 1873 Anytique
325 1836 392 1870 reum,
407 1827 535 1874 doctumque
545 1826 640 1866 Platone.

58 1877 172 1915 Peccatum
181 1875 255 1920 fateor,
262 1886 329 1924 quum
338 1879 358 1913 te
367 1876 397 1914 sio
403 1881 498 1924 ternpore
504 1876 558 1915 laevo

57 1926 226 1975 Interpellarim:
241 1927 278 1965 sed
287 1927 323 1964 des
331 1926 417 1964 veniam
426 1927 500 1972 bonus,
509 1938 553 1965 oro.

58 1977 120 2023 Quod
131 1977 149 2015 si
158 1976 289 2015 interciderit
296 1976 335 2015 tibi
343 1988 401 2016 nunc
409 1977 497 2025 aliquid,
507 1982 588 2026 repetes
596 1989 657 2024 mox3

58 2028 106 2066 Sive
114 2031 147 2065 est
155 2032 237 2066 naturae
246 2027 292 2072 hoe.
301 2029 345 2066 sive
353 2028 411 2074 ortis,
424 2029 490 2066 mirus
498 2032 594 2077 utroque.

57 2078 116 2124 Quin
124 2078 147 2116 id
156 2084 201 2117 erat
209 2088 272 2123 ουτω,
283 2089 326 2126 quo
334 2084 396 2128 pacto
404 2084 481 2118 cuneta
489 2083 589 2125 tenerem,

59 2128 137 2177 Utpote
145 2138 178 2166 res
187 2133 268 2175 tenues,
277 2130 338 2167 tenui
346 2141 442 2168 sermone
452 2133 556 2178 peractas.

60 2178 106 2217 Ede
113 2177 205 2218 hominis
216 2190 301 2225 nomen,
311 2179 410 2226 simulet,
421 2182 530 2220 Romanus
539 2191 567 2219 an
574 2181 657 2231 hospes.

60 2229 110 2278 lpse
118 2239 198 2269 memor
206 2234 312 2279 precepta
320 2240 408 2277 onnam
424 2230 528 2273 celabitur
536 2235 615 2271 ructor.
636 2234 656 2270 ll
