1562 2568
202 191 340 232 Erlsuons
353 191 393 231 AD
406 191 531 231 Pisouus.
629 194 665 231 227

69 302 181 359 Signatum
189 311 293 358 presente
302 311 352 346 nota
360 307 476 357 procudere
485 318 570 346 nomen.

68 361 98 400 Ut
105 359 164 400 silvae
173 359 229 398 loliis
237 369 313 408 pronos
322 362 433 397 mutentur
440 358 463 396 in
471 369 545 402 annos,
641 360 666 396 6⁰

8 438 9 441 η
68 412 140 451 Prima
148 411 238 449 cadunt:
253 410 283 448 ita
291 409 403 448 verborum
411 413 472 447 vetus
480 409 554 447 interit
561 413 619 453 setas,

68 463 96 502 Et
101 464 204 510 Juvenum
213 461 256 499 ritu
263 461 339 499 dorent
347 460 411 498 modo
419 463 470 498 nata
478 460 600 508 vigentque.

68 514 177 552 Debemus
184 512 248 550 morti
255 522 293 549 nos
302 515 427 558 nostreque3
442 511 486 549 sive
494 514 590 559 receptus
671 506 675 513 ”

67 563 132 602 Terra
141 563 253 611 Neptunus
261 561 338 600 classes
349 560 491 609 Aquilonibus
499 564 563 606 arcet,

68 614 132 664 Regis
141 623 200 663 opus,
210 611 329 660 sterilisque
338 612 376 650 diu
384 611 453 661 peius,
463 616 556 661 sptsque
564 612 635 656 remis,

68 663 155 703 Vicinus
163 663 226 702 urbes
234 663 279 708 alit,
288 666 310 700 et
317 673 381 710 grave
390 663 455 701 sentit
464 667 558 701 aratrum
563 674 569 708 ;

68 715 110 754 Seu
118 725 204 754 cursum
211 714 302 752 mutavit
309 713 407 761 iniquum
416 713 512 761 frugibus
520 713 595 759 amnis,

68 767 148 805 Doctus
155 766 195 803 iter
202 763 290 803 melius:
304 763 404 801 mortalia
411 762 468 801 tacta
476 763 582 811 peribunt,

67 817 153 855 Nedum
161 825 283 854 sermonum
292 818 334 852 stet
341 812 409 852 honos
416 816 438 852 et
445 813 513 861 gratie
520 813 591 851 vivax.

68 866 138 906 Multa
145 869 289 910 renascentur,
297 874 345 913 quse
353 866 398 912 J'am
406 863 507 908 cecidere,
515 864 633 912 cadentque
644 862 667 900 m

67 919 120 964 Quor
130 927 187 956 nunc
196 916 276 955 suntin
284 915 364 953 honore
372 912 482 959 vocabula,
492 913 510 952 si
518 912 575 952 volet
583 924 641 958 usus,

67 968 136 1010 Quem
143 978 207 1016 penes
216 966 327 1005 arbitrium
335 970 368 1004 est
376 965 438 1013 etjus
447 968 469 1002 et
476 974 550 1002 norma
558 963 667 1012 loquendi.

94 1018 137 1057 Res
145 1022 209 1066 gestae
217 1027 333 1065 regumque
342 1016 463 1064 ducumque
472 1018 493 1053 et
500 1014 569 1052 tristia
577 1013 640 1057 bella.

67 1069 115 1115 Quo
123 1068 186 1108 scribi
194 1071 280 1117 possent
286 1077 382 1112 numero,
391 1065 516 1104 monstravit
524 1064 636 1103 Homerus.

68 1119 170 1159 Versibus
177 1119 287 1167 impariter
292 1117 372 1165 junctis
380 1116 513 1165 querimonis
520 1116 620 1165 primum,

69 1170 119 1209 Post
127 1170 191 1209 etism
200 1169 283 1207 inclusa
291 1172 323 1206 est
330 1168 374 1206 voti
379 1166 488 1205 sententia
498 1177 590 1215 compos.

68 1221 120 1268 Quis
128 1226 201 1259 tamen
210 1220 297 1267 exiguos
305 1218 375 1267 elegos
383 1217 477 1256 emiserit
485 1219 565 1261 auctor,

68 1270 206 1310 Grammatici
214 1273 303 1315 certant,
311 1274 333 1308 et
341 1268 411 1308 adhuc
419 1267 537 1316 subjudice
546 1266 572 1305 lis
584 1270 622 1305 est.

38 1325 41 1333 ’
69 1321 220 1361 Archilochum
227 1321 311 1371 proprio
319 1320 388 1359 rabies
397 1319 487 1358 armavit
494 1317 577 1356 iambo:

68 1372 132 1411 Hunc
141 1372 195 1412 socci
203 1382 277 1422 cepere
285 1372 368 1420 pedem,
377 1370 509 1420 grandesque
518 1367 623 1411 cothurni,
643 1368 666 1404 80

68 1422 161 1461 Alternis
171 1426 245 1472 aptum
253 1422 392 1466 sermonibus,
401 1424 424 1459 et
430 1419 543 1469 populares

68 1473 194 1512 Vincentem
202 1473 308 1522 strepitus,
317 1476 339 1510 et
347 1475 423 1510 natum
431 1471 494 1509 rebus
506 1469 600 1517 agendis.

68 1524 132 1563 Musa
140 1523 199 1562 dedit
205 1522 283 1561 fidibus
292 1523 356 1561 Divos
364 1531 484 1570 puerosque
492 1520 592 1563 Deorum,

67 1574 96 1613 Et
103 1573 197 1623 pugilem
205 1574 314 1617 victorem,
326 1576 348 1609 et
356 1582 435 1620 equum
444 1570 559 1609 certamine
567 1569 666 1617 primum,
712 1592 717 1601 ·
725 1542 757 1623 (γ

68 1625 96 1664 Et
101 1625 205 1673 juvenum
213 1633 281 1667 cures,
290 1627 312 1661 et
320 1621 388 1660 libere
395 1622 446 1659 vina
453 1621 537 1659 referre.
688 1600 723 1659 Χ
736 1628 762 1668 5„

94 1675 215 1723 Descriptas
223 1683 306 1711 servare
313 1672 371 1710 vices
379 1681 508 1720 operumque
518 1668 604 1714 colores,

69 1726 111 1765 Cur
119 1735 164 1773 ego,
174 1725 192 1763 si
200 1734 283 1771 nequeo
291 1723 412 1771 ignoroque,
421 1726 484 1770 poeta
490 1719 583 1758 selutort

67 1777 111 1815 Cur
118 1776 205 1820 nescire,
214 1773 296 1822 pudens
304 1783 375 1821 prave,
385 1782 449 1820 quam
459 1772 538 1809 discere
547 1769 617 1807 malot

68 1826 169 1865 Versibus
177 1824 256 1873 erponi
264 1823 349 1871 tragicis
357 1833 390 1861 res
399 1821 479 1860 comica
487 1832 531 1859 non
538 1819 597 1859 vult:

68 1877 195 1925 indignatur
204 1876 255 1913 item
263 1874 350 1923 privatis
359 1884 384 1911 ac
392 1883 456 1921 prope
464 1882 525 1910 socco
643 1871 667 1907 9⁰

69 1927 144 1976 Dignis
152 1925 281 1964 carminibus
290 1925 371 1963 narrari
379 1933 441 1962 coena
449 1922 558 1970 Thyestae:

9 1992 11 2003 >
68 1977 158 2026 Singula
165 1986 256 2025 quaeque
264 1975 335 2014 locum
343 1978 431 2014 teneant
438 1975 511 2012 sortita
520 1973 625 2010 decenter.

9 2038 11 2057 i
69 2029 179 2067 Interdum
187 2031 258 2065 temen
267 2030 290 2065 et
297 2037 369 2065 vocem
378 2024 482 2064 comoedia
490 2022 552 2067 tollit,

69 2079 181 2128 lrstusque
189 2077 288 2116 Chremes
296 2078 378 2116 tumido
387 2076 482 2123 delitigat
488 2085 535 2113 ore:

71 2130 98 2169 Et
106 2130 198 2178 tragicus
206 2127 331 2178 plerumque
339 2128 397 2166 dolet
406 2137 502 2167 sermone
508 2123 608 2175 pedestri.

68 2180 175 2230 Telephus
184 2184 206 2219 et
214 2179 296 2225 Peleus,
306 2191 372 2229 quum
380 2189 461 2228 pauper
469 2184 491 2216 et
498 2174 566 2221 exsul,
576 2178 665 2222 uterque

69 2231 156 2280 Projicit
164 2230 268 2282 ampullas
277 2236 299 2270 et
306 2229 462 2281 sesquipedalis
469 2228 540 2274 verba,
