1562 2568
114 201 150 242 lta
272 202 297 243 Q.
311 202 435 241 ananan
449 202 548 242 annom

318 368 424 408 saman
437 368 499 407 VIII.

113 471 147 512 Ua
156 471 266 511 Nasidieni
271 470 328 518 juvit
336 476 357 509 te
366 481 427 508 coena
436 470 508 509 bestii

113 523 169 561 Nam
177 521 230 560 mihi
238 521 341 569 quaerenti
349 522 460 559 convivam
468 521 536 559 dictus
544 519 595 560 here
603 521 649 562 illle

113 572 144 612 De
152 572 223 611 medio
231 576 304 620 potare
312 571 353 609 die.
380 572 421 618 Sic,
430 574 455 609 ut
462 571 515 609 mihi
524 582 636 620 nunquam

112 623 139 662 ln
147 623 191 660 vita
198 622 263 661 fuerit
269 620 353 660 melius.
380 622 419 667 Da,
428 623 447 660 si
454 632 517 670 grave
525 633 568 661 nou
577 627 616 669 est,

111 674 165 719 Quae
173 673 242 722 prima
249 672 328 710 iratum
335 676 431 710 ventrem
439 672 556 721 placaverit
561 684 618 712 esea.

112 725 138 762 ln
147 724 220 773 primis
230 723 328 761 Lucanus
337 733 388 771 aper
395 722 447 769 (leni
455 723 497 761 fuit
506 723 584 762 Austro

112 775 197 823 Captus,
206 779 231 812 ut
238 774 311 811 aiebat
317 783 384 811 coenae
392 776 475 822 putem
489 774 546 811 acria
554 774 635 813 circum
759 756 760 809 i

112 824 204 873 Rapula,
212 824 309 870 lactucae,
316 824 403 869 radices,
413 823 486 872 qualia
496 823 577 862 lassum
759 850 760 859 ,

112 874 234 914 Pervellunt
240 874 379 918 stomachum,
390 874 448 919 siser,
457 874 525 920 halec,
534 873 613 913 faecula
619 876 669 915 Coa.
759 894 760 919 ι

111 925 151 965 His
160 926 197 964 ubi
206 925 294 965 sublatis
302 934 355 973 puer
363 923 406 963 alte
415 925 497 964 cinctus
510 935 610 964 metuam
688 929 710 966 1⁰

111 977 209 1026 Gausapa
218 986 323 1025 purpureo
330 986 427 1014 mensam
434 976 537 1024 pertersit,
547 981 569 1013 et
576 976 632 1014 alter

112 1023 208 1076 sublegit
216 1026 443 1075 quodcunquejaceret-
448 1026 531 1071 inutile,
541 1027 642 1075 quodque

111 1076 186 1117 Posset
193 1081 301 1116 coenantes
310 1076 427 1120 offendere,
442 1081 467 1114 ut
475 1076 546 1115 Attica
556 1077 615 1125 virgo

111 1128 165 1167 Cum
175 1128 239 1167 sacris
247 1127 333 1172 Cereris,
342 1127 437 1176 procedit
442 1126 514 1165 fuscus
523 1126 643 1177 Hydaspes,

111 1179 203 1217 Caecuba
210 1179 260 1217 vina
268 1179 344 1222 ferens,
354 1177 421 1215 Alcon
430 1176 507 1215 Chium
515 1177 580 1215 maris
587 1190 672 1227 expers.

111 1229 153 1268 Hic
160 1229 237 1267 herus:
251 1228 366 1273 Albanum,
377 1228 490 1272 Maecenas,
500 1227 543 1266 sive
556 1227 671 1268 Falernum

111 1279 142 1318 Te
150 1281 217 1328 magis
225 1279 325 1328 appositis
334 1277 436 1316 delectat:
450 1278 554 1316 habemus
562 1283 686 1329 utrumque.
759 1308 760 1331 ,

110 1329 325 1377 (Divitiasmiserasll
338 1329 379 1367 Sed
386 1327 434 1376 quis
442 1329 575 1367 coenautibus
583 1340 634 1376 uua,
759 1366 760 1373 ,

112 1380 216 1426 Fundani,
225 1378 313 1429 pulchre
321 1379 386 1418 fuerit
394 1379 439 1421 tibi,
447 1390 508 1418 nosse
516 1379 596 1417 laboro.
759 1380 760 1441 l

112 1431 212 1469 Summus
220 1441 265 1478 ego,
273 1434 295 1468 et
302 1440 365 1479 prope
373 1440 407 1467 me
416 1429 490 1468 Viscus
499 1429 613 1475 Thurinus,
619 1434 643 1469 et
648 1431 710 1476 infra,
759 1450 760 1455 =

112 1481 134 1519 Si
142 1482 236 1526 memini,
247 1480 334 1525 Varium
349 1491 397 1518 cum
406 1480 494 1518 Servilio
503 1479 617 1518 Balatrone
687 1484 709 1521 21

111 1531 216 1577 Vibidius,
226 1541 278 1579 quos
288 1531 393 1570 Maecenas
402 1531 521 1569 adduxerat
528 1531 621 1570 umbras.

112 1582 259 1621 Nomentanus
267 1586 313 1620 erat
320 1592 384 1629 super
391 1582 467 1630 ipsum,
478 1581 564 1621 Porcius
571 1582 633 1629 infra,

113 1632 224 1672 Ridiculus
232 1637 287 1671 totas
295 1631 358 1670 simul
367 1632 478 1671 obsorbere
484 1631 600 1681 placentas.

112 1683 259 1723 Nomentanus
267 1682 349 1728 adhoc,
359 1683 402 1730 qui,
412 1683 430 1721 si
438 1683 490 1730 quid
497 1683 551 1720 forte
559 1682 643 1730 lateret,

113 1734 186 1774 lndice
193 1738 320 1772 monstraret
327 1733 403 1782 digito:
417 1744 468 1771 narn
476 1738 546 1771 cetera
554 1734 623 1778 turba,
757 1734 760 1771 l

113 1785 163 1831 Nos,
173 1786 267 1833 inquam,
278 1794 388 1823 coenamus
397 1795 452 1827 aves,
461 1782 577 1832 conchylia,
587 1785 664 1833 pisces,

111 1835 182 1884 Longe
191 1835 315 1874 dissimilem
323 1838 374 1872 noro
381 1833 473 1872 celantia
481 1845 574 1878 succum,

111 1885 141 1924 Ut
148 1887 183 1925 vel
189 1886 290 1924 continuo
298 1885 374 1934 patuit,
383 1895 450 1933 quum
458 1885 548 1933 passeris
557 1884 599 1923 assi
607 1888 630 1923 et

111 1936 222 1985 lngustata
229 1936 283 1974 mihi
291 1941 414 1984 porrexerat
422 1934 460 1974 ilia
467 1935 557 1973 rhombi.
687 1938 712 1975 30

112 1986 162 2025 Post
168 1987 210 2025 hoc
217 1998 251 2024 me
260 1987 338 2032 docuit,
347 1985 455 2024 melimela
461 1986 537 2024 rubere
543 1985 648 2025 minorem
759 1972 760 2025 i

111 2036 145 2074 Ad
153 2036 227 2075 lunam
236 2036 324 2074 delecta.
351 2035 553 2081 Quidhocintersit,
562 2036 646 2085 abipso
759 2030 760 2075 i

111 2085 301 2125 Audierismclius.
328 2086 383 2124 Tum
392 2086 489 2125 Vibidius
498 2085 619 2124 Balatroni:
759 2086 760 2101 ¹

112 2135 162 2181 Nos,
171 2136 212 2174 nisi
221 2137 321 2175 damnose
329 2126 429 2184 bissmus,
438 2138 552 2175 moriemur
560 2137 637 2181 inulti;

112 2185 139 2222 Et
147 2185 223 2223 calices
231 2187 298 2234 poscit
307 2187 404 2233 nidores.
431 2187 516 2225 Vertere
524 2186 593 2235 pallor

111 2234 165 2273 Tum
174 2236 261 2283 parochi
271 2236 354 2282 faciem,
363 2236 394 2274 nil
403 2237 432 2275 sic
443 2237 563 2283 metuentis,
572 2241 598 2276 ut
606 2248 667 2277 acres
