1504 2564
178 213 339 253 CARMINUM
352 214 400 254 LIB
414 214 456 253 ΠΙ.
596 214 620 254 bi

241 389 300 429 01>ss
313 389 383 430 XVII.

177 491 213 529 An
226 490 317 530 AEnrnu
332 492 445 531 Lemnis.

61 566 125 613 AEnr,
134 569 220 605 vetusto
227 566 304 606 nobilis
312 567 339 606 ub
348 567 419 615 Lamo,

62 618 158 661 Quando
166 620 189 655 et
194 617 272 666 priores
280 617 330 657 hino
338 618 422 658 Lamias
430 618 502 658 ferunt

89 667 251 714 Denominutos,
260 672 282 706 et
288 673 390 717 nepotum

115 719 156 757 Per
164 728 268 757 memores
275 730 343 767 genus
350 730 413 758 omne
420 720 488 760 iustus

59 770 157 809 Auctore
166 768 194 807 ub
202 767 240 807 iilo
248 770 307 808 ducit
314 770 424 818 originem,

59 821 105 867 Qui
119 819 252 858 Formiarum
260 820 340 859 moenia
349 821 426 859 dicitur

88 870 191 919 Princeps
199 874 222 908 et
228 871 339 909 innantem
345 870 433 910 Marioae

113 919 221 959 Litoribus
230 922 323 960 tenuisse
331 921 404 968 Lirim,

57 971 115 1011 Late
124 973 238 1020 tyrannus:
253 982 299 1010 oras
306 971 363 1010 foliis
371 982 448 1011 nemus

57 1020 140 1062 Multis
147 1025 169 1059 et
177 1021 225 1070 algu
232 1021 283 1061 litus
291 1021 363 1060 inutili

4 1112 5 1115 ,
87 1071 188 1111 Demissa
195 1075 309 1121 tempestus
318 1073 345 1110 ub
354 1071 413 1110 Euro

4 1122 6 1151 i
114 1122 205 1169 Sternet,
214 1133 276 1172 uque}
286 1123 327 1161 nisi
333 1122 390 1161 fallit
397 1132 465 1170 augur

57 1172 151 1212 Aunosu
159 1174 239 1212 cornix.
266 1173 323 1211 Dum
331 1173 393 1222 potis,
405 1173 489 1211 aridum

57 1224 170 1272 compone
179 1223 261 1272 lignum
269 1236 274 1262 :
288 1234 334 1263 orus
343 1224 436 1262 Genium
443 1234 502 1263 mero

86 1274 177 1314 Curubis
186 1280 208 1312 et
215 1285 278 1323 porco
287 1274 382 1313 bimestri

111 1325 166 1364 Cum
174 1323 261 1364 ramulis
269 1336 357 1375 operum
365 1323 447 1364 solutis.

236 1516 295 1557 omi
308 1514 391 1556 XVIII.

229 1618 266 1656 An
280 1617 392 1657 Fununrs.

5 1686 6 1707 ¹
58 1696 154 1740 horr,
166 1692 314 1742 Nympharum
321 1692 441 1741 fugientum
450 1696 538 1739 amator,

5 1744 6 1779 i
56 1744 102 1785 Per
112 1756 172 1783 meos
180 1745 233 1782 flues
241 1748 264 1782 et
271 1743 344 1792 aprica
351 1754 401 1781 ruru

56 1796 125 1835 Lenis
135 1795 228 1840 incedas,
238 1795 344 1842 abeasque
352 1795 424 1842 parvis

212 1844 295 1893 AEquus
303 1844 408 1883 alumnis:

58 1896 84 1936 Si
92 1898 155 1935 tener
162 1894 226 1944 pleno
234 1896 292 1934 eadit
299 1894 375 1933 haeuus
384 1905 447 1940 suno,

57 1947 131 1996 Larga
140 1957 179 1984 neo
187 1947 265 1985 desunt
273 1945 361 1984 Veneris
370 1944 438 1983 sodali

5 2008 6 2041 ῖ
56 1997 117 2036 Vina
127 2000 221 2043 cratere,
231 2000 292 2035 retus
300 2005 337 2033 ure
344 1995 412 2034 mulio

211 2047 289 2085 Fumist
296 2046 368 2084 odore.

54 2097 125 2137 Ludit
136 2096 226 2136 herboso
234 2107 299 2146 pecus
308 2106 370 2134 omne
379 2104 461 2143 cumpo,

54 2149 131 2190 Quum
139 2147 179 2187 tibi
188 2148 208 2186 N
209 2158 256 2186 onie
265 2147 356 2185 redeunt
364 2145 493 2185 Decembres
501 2158 506 2184 ε

56 2198 136 2238 Festus
144 2198 166 2237 in
175 2199 241 2247 pratis
249 2200 311 2236 vacat
319 2197 386 2236 otioso

233 2248 286 2287 cum
294 2248 347 2286 bove
355 2257 422 2295 pegus
431 2259 435 2282 :
