1520 2572
116 166 153 204 100
283 164 309 209 Q.
323 161 446 202 HORATII
460 163 560 203 Funcci

118 280 162 319 Aut
170 280 262 329 positum
270 283 319 317 ante
327 289 376 317 mee
384 279 435 326 quia
442 278 526 327 pullum
535 279 557 317 in
566 282 630 327 parte
639 279 704 320 catini
756 300 757 305 =

117 331 208 370 sustulit
215 329 316 374 esuriens,
324 330 395 368 minus
403 329 443 367 hoo
449 330 556 377 iucundus
565 331 650 370 amicus

118 382 150 420 Sit
157 381 223 419 mihil
240 381 292 428 quid
299 379 383 423 faelem.
393 380 410 418 si
418 379 499 418 furtum
506 380 587 425 feeerit,
598 382 665 421 autri

118 431 236 470 Prodiderit
244 432 356 469 commissa
363 431 411 475 fide,
424 440 550 479 sponsumve
559 433 660 478 negarit?

117 482 171 529 Quis
179 483 238 530 paria
246 492 292 520 erse
300 482 343 520 fere
351 481 432 530 placuit
440 485 532 530 peecata,
542 480 650 527 laborent,

118 534 189 579 Quum
205 536 293 570 rentum
309 532 425 570 adrerum
442 535 485 570 est:
512 542 587 571 sensus
603 543 718 582 moresque
756 552 757 565 2

108 621 111 629 ,
167 587 292 631 repugnant,

118 634 188 682 Atque
196 633 243 681 ipre
250 632 338 678 utilitas,
344 632 397 681 Justi
404 643 469 680 prope
477 635 546 671 mater
553 635 576 670 et
583 633 650 680 aequi.

117 685 189 730 Quum
197 687 345 732 prorepserunt
352 683 425 731 primis
434 682 536 720 animalia
544 684 612 728 terris,

118 735 203 773 Mutum
223 737 245 772 et
264 738 326 782 turpe
346 744 417 782 pecus,
433 732 533 781 glandem
553 736 619 782 atque
636 734 719 772 cubilia

181 796 204 823 ro
219 788 252 822 ter
681 787 719 824 100

118 796 229 884 Unggibrlis
237 839 259 873 et
266 833 349 883 pugnis,
358 834 408 872 dein
415 833 516 879 fustibus,
526 837 591 882 arque
599 834 631 872 itu
638 846 703 883 porro
756 852 757 891 1

118 886 244 934 Pugnabant
252 885 322 929 ermis,
332 895 381 933 quae
389 889 436 933 post
443 885 584 922 fabricaverat
591 895 651 931 usus,
756 902 757 905 ¹

118 937 190 975 Donec
197 937 267 981 verbe,
277 935 353 983 quibus
362 946 423 975 voces
432 945 547 982 sensusque
556 939 663 982 notarent,

118 987 251 1035 Nominaque
259 986 369 1029 invenerer
384 985 460 1023 dehine
469 986 569 1023 absistere
578 985 643 1032 bello,

118 1038 200 1086 Oppida
208 1040 317 1085 coeperunt
324 1036 414 1091 qgnire,
424 1041 446 1074 et
453 1046 531 1083 ponere
540 1035 604 1083 leges,

118 1088 151 1126 Ne
159 1088 206 1136 quis
214 1088 248 1126 fur
256 1091 318 1131 esset,
329 1098 372 1124 neu
380 1086 440 1131 latro,
451 1097 493 1124 neu
502 1086 549 1133 quie
556 1086 648 1125 adulter.

118 1138 173 1177 Nam
183 1138 280 1177 irritante
290 1137 394 1175 Helenam
403 1147 486 1186 qunnus
494 1137 603 1174 teterrima
611 1137 663 1175 belii

117 1190 192 1233 eausa,
201 1189 238 1227 sed
246 1188 323 1236 ignotis
331 1188 440 1236 perierunt
447 1187 550 1225 mortibus
560 1186 601 1232 illi,

117 1240 175 1285 Quos
182 1239 285 1278 Venerem
296 1238 398 1276 incertam
406 1238 511 1286 rapientes
519 1248 577 1275 more
585 1237 681 1277 ferarum
756 1226 757 1289 1

117 1288 612 1349 Viribuseditioroaedebatutingregetourue.
680 1291 717 1327 110
756 1304 757 1367 p

118 1341 170 1378 Jura
178 1344 265 1378 inventu
272 1342 331 1377 metu
338 1340 412 1388 injusti
419 1338 499 1376 fateare
507 1348 594 1376 necesse
603 1342 642 1384 est,
756 1392 757 1403 γ

118 1391 221 1439 Tempora
229 1391 247 1428 si
254 1390 362 1438 fastosque
370 1388 423 1428 velis
430 1388 525 1427 evolvere
533 1389 616 1427 mundi.

118 1441 163 1479 Nee
171 1444 248 1479 natura
254 1441 384 1489 potestjusto
391 1450 498 1478 secernere
505 1439 611 1487 iniquum,

119 1491 200 1530 Dividit
207 1495 231 1529 ut
238 1491 294 1529 bona
303 1491 396 1535 diversis,
406 1490 507 1538 fugienda
515 1490 625 1538 petendis:

119 1542 164 1581 Nee
172 1542 242 1579 vincet
246 1541 300 1580 ratio
306 1540 352 1586 hoo,
359 1541 491 1580 tantumdem
495 1545 520 1578 ut
526 1545 601 1588 peccet
606 1539 717 1590 idemque,

119 1593 161 1639 Qui
170 1596 252 1631 teneros
260 1591 331 1630 carnes
339 1590 403 1629 alieni
411 1591 496 1638 fregerit
503 1589 565 1635 horti,

119 1643 146 1682 Et
157 1643 194 1692 qui
202 1647 317 1682 nocturnus
325 1652 385 1680 saera
394 1640 471 1680 Dirum
479 1640 564 1688 legerit:
583 1639 640 1679 adsit

118 1693 207 1742 Regula,
216 1694 362 1742 peccatisque
371 1702 445 1741 poenas
452 1693 529 1739 irroget
536 1701 617 1739 aeques,

80 1762 87 1781 r
118 1744 139 1782 N
172 1745 251 1783 scutica
259 1744 347 1791 dignum
354 1741 449 1781 horribili
458 1748 536 1780 sectere
544 1741 638 1789 flagello.

64 1806 68 1813 ⁴
119 1795 152 1833 Na
183 1793 282 1833 utterule
291 1793 359 1832 oaedas
367 1792 467 1831 meritum
475 1793 556 1840 majora
564 1792 638 1831 subire
678 1794 716 1832 mo
756 1796 757 1839 ζ

118 1844 216 1890 Verbera,
225 1855 267 1882 non
275 1855 354 1890 vereor,
364 1853 430 1892 quum
438 1840 502 1888 dicas,
512 1853 557 1881 esse
565 1853 628 1891 pares
636 1855 671 1882 res

119 1895 183 1934 Furta
191 1895 313 1940 latrociniis,
323 1899 345 1933 et
352 1894 433 1941 magnis
442 1903 507 1943 parva
514 1893 603 1932 mineris

119 1946 181 1984 Falce
189 1946 305 1984 recisurum
313 1944 377 1983 simili
387 1949 414 1989 te,
424 1945 441 1982 si
449 1944 490 1982 tibi
498 1955 587 1991 regnum

117 1995 353 2034 Permittanthomines.
380 1995 401 2032 Si
409 1995 474 2040 dives,
485 1995 522 2042 qui
529 1994 617 2043 sapiens
625 1999 664 2042 ert,

119 2045 147 2084 m
154 2050 212 2084 sutor
220 2046 288 2084 bonus
297 2049 319 2083 et
327 2044 384 2083 solus
392 2045 495 2083 formosus
504 2049 526 2082 et
533 2048 566 2083 est
573 2056 625 2091 rex;
756 2062 757 2099 3

118 2094 160 2133 cur
175 2100 241 2143 optas,
258 2096 315 2143 quod
330 2095 408 2134 habeor
435 2095 483 2133 Non
500 2095 562 2143 nosti,
578 2096 633 2144 quid
649 2100 716 2146 potet,
756 2136 757 2145 ¹

169 2144 246 2191 inquit,
756 2150 757 2155 ’

118 2194 245 2243 Chrysippus
254 2195 316 2234 dieat
343 2195 430 2243 Sapiens
438 2195 534 2244 crepidas
541 2194 715 2248 sibinunquem,
