1562 2568
217 186 390 227 SATIRARUM
403 186 458 226 LlB.
469 188 498 226 11.
622 188 659 229 177

59 303 149 342 Externi
158 313 184 341 ne
194 303 246 351 quid
254 302 323 341 velem
331 313 369 353 per
377 302 424 342 leve
432 303 516 350 morari,

58 355 85 393 ln
94 365 159 403 quem
167 365 244 392 manca
251 354 295 392 ruit
302 365 384 403 semper
392 354 492 393 Fortuna.
519 353 608 393 Potesne

58 405 92 443 Ex
100 405 135 443 his
143 408 169 443 nt
176 405 285 452 proprium
293 405 344 452 quid
352 406 453 443 nosceret
470 404 570 453 Quinque
578 406 659 445 talenta

58 455 130 493 Poscit
138 460 159 493 te
167 453 251 500 mulier,
259 459 329 500 vexat,
339 455 461 504 foribusque
473 455 583 504 repulsum
633 460 660 496 9⁰

58 505 172 544 Pertisndit
181 504 261 553 gelida;
276 516 347 544 rursus
356 510 430 544 vocat:
444 506 502 555 eripe
510 507 566 555 turpi

58 555 183 605 Collajugo.
209 555 278 598 Liber.
289 556 342 594 liber
349 567 403 602 sum,
413 557 447 595 dic
456 568 502 605 nge.
529 557 633 605 Nonquia
643 565 651 595 :³

58 605 125 654 Urget
133 606 191 645 enim
200 606 298 644 dominus
306 611 400 644 mentem
409 617 451 644 non
459 606 520 652 lenis,
530 612 553 646 et
560 618 618 647 acres

58 658 168 705 SubJectat
175 656 231 695 lasso
240 655 343 699 stimulos,
352 660 462 704 versatque
471 660 590 705 negantem.

58 707 99 745 Vel
106 718 174 756 quum
184 707 287 746 Pausiaca
295 710 370 754 torpes.
379 707 460 752 insano,
470 708 555 754 tabella,

58 757 102 804 Qui
110 768 186 806 peccas
194 758 265 796 minus
273 761 337 804 atque
349 768 394 804 ego,
404 768 470 804 quum
483 758 545 798 Fulvi
554 758 661 799 Rutubasff

124 819 158 852 ue,

58 859 103 897 Aut
109 821 243 897 ff’lacideiani
252 862 351 896 contento
361 855 440 905 poplite
448 856 513 895 miror

58 909 144 955 Proelia,
154 909 239 947 rubrica
246 908 347 957 pictaaut
355 907 456 951 carbone;
472 907 531 946 velut
538 910 556 947 si

58 959 91 999 Re
100 971 150 998 vera
158 964 259 1008 pugnent,
268 959 351 1002 feriant,
361 958 470 1005 vitentque
478 963 586 998 moventes

57 1011 125 1049 Arma
132 1011 185 1049 viri?
212 1010 316 1058 Nequam,
326 1014 347 1047 ct
355 1012 447 1046 cessator
456 1008 539 1054 Davum
553 1011 631 1059 etipse

57 1060 146 1100 subtilis
154 1065 249 1099 veterum
254 1060 322 1107 jndex
331 1063 352 1097 et
359 1058 450 1099 callidus
458 1059 526 1097 audis.
621 1059 655 1101 101

58 1112 95 1150 Nil
103 1123 149 1161 ego,
160 1112 178 1149 si
186 1112 251 1149 ducor
258 1111 302 1149 libo
310 1110 418 1155 fumante,
433 1109 472 1147 tibi
481 1108 556 1157 ingens

14 1166 15 1209 ,
57 1162 137 1207 Virtus,
147 1167 211 1210 atque
219 1162 303 1199 animus
311 1161 378 1199 coenis
385 1165 495 1208 responset
502 1161 593 1209 opimis?

57 1213 189 1261 Obsequium
199 1212 278 1251 ventris
286 1211 339 1249 mihi
347 1211 485 1260 perniciosius
493 1216 537 1249 est:
553 1213 604 1250 curi

14 1262 15 1281 ¹
57 1263 125 1312 Tergo
132 1263 212 1312 plector
219 1263 288 1306 enim;
302 1261 339 1310 qui
347 1268 370 1300 tu
379 1261 503 1311 impunitior
510 1260 554 1308 illa,

57 1314 111 1360 Quae
120 1324 185 1363 parvo
193 1313 249 1352 sumi
256 1317 372 1361 nequeunt,
381 1312 470 1351 obsonia
477 1313 564 1361 captes?

58 1365 141 1413 Nempe
149 1364 306 1402 inamarescunt
312 1362 382 1411 epulae
390 1364 436 1402 sine
443 1363 486 1401 fine
493 1364 573 1412 petite,

57 1414 162 1462 illusique
170 1414 234 1462 pedes
243 1415 342 1452 vitiosum
349 1414 404 1452 ferre
412 1418 512 1452 recusant

57 1467 144 1515 eorpus.
171 1465 205 1502 An
213 1464 248 1502 hie
256 1469 335 1512 peccat,
346 1465 387 1503 sub
395 1468 478 1503 noctem
486 1465 523 1513 qui
530 1475 584 1513 puer
591 1474 656 1505 uvam

57 1517 144 1555 Furtiva
152 1518 222 1552 mutet
229 1514 316 1562 strigili?
330 1515 367 1563 qui
375 1516 455 1564 praedia
463 1515 542 1561 vendit,
619 1518 655 1555 llo

57 1567 93 1605 Nil
102 1564 185 1608 servile,
194 1564 250 1612 gulae
258 1575 341 1612 parens,
349 1564 429 1603 habeti
455 1565 522 1611 Adde,
532 1566 657 1614 quodidem

57 1618 105 1656 Non
113 1617 190 1655 horam
198 1620 268 1653 tecum
278 1626 322 1655 esse
330 1620 400 1663 potes;
415 1626 458 1653 non
466 1616 510 1654 otia
517 1621 574 1655 recte

57 1668 150 1707 Ponere:
165 1670 229 1713 teque
237 1664 307 1713 ipsum
315 1666 369 1703 vitas
376 1665 485 1713 fugitivus,
494 1670 517 1704 et
525 1677 578 1712 erro,

58 1718 106 1758 Jam
115 1718 166 1755 vino
174 1726 278 1765 querens,
285 1717 331 1763 tem
340 1726 414 1754 somno
422 1715 496 1754 fallere
504 1727 577 1755 curam
585 1729 589 1754 :

58 1769 154 1813 Frustra;
169 1778 219 1806 nam
231 1777 302 1805 comes
316 1770 362 1804 atra
375 1766 458 1813 premit,
474 1767 611 1816 sequiturque
621 1767 657 1806 fu¹

120 1828 188 1857 ecem.

58 1832 119 1909 Πιιᾱξ
133 1868 187 1908 mihi
201 1867 307 1916 lapidem?
333 1867 439 1912 Quorsum
452 1870 484 1905 est
500 1868 567 1915 opust
594 1867 657 1907 Unde

107 1920 195 1968 sagittas

59 1972 101 2011 Aut
107 1971 187 2010 insanit
195 1969 266 2015 homo,
275 1972 313 2006 aut
320 1978 392 2007 versus
401 1966 459 2006 facit.
486 1966 550 2007 Ocius
557 1967 608 2008 hine
616 1973 638 2010 te

59 2022 85 2060 Ni
93 2021 156 2072 rapis,
166 2020 254 2060 accedes
262 2029 326 2068 opera
333 2029 383 2067 agro
391 2029 448 2057 nona
456 2017 541 2058 Sabino.

757 288 759 347 i
