1562 2568
130 194 167 231 228
283 192 308 241 Q.
323 191 449 232 nonnuli
463 192 562 232 ruscct

129 311 150 348 Si
158 313 219 348 curet
226 320 261 348 cor
269 309 383 358 spectantis
391 308 484 356 tetigisse
493 309 587 358 querela.

154 361 202 399 Non
211 360 262 399 sutis
269 358 396 408 estpulchrs
403 369 448 397 esse
456 363 564 408 poemate:
579 358 728 405 dulciesunto,

128 411 161 455 Et,
171 420 297 460 quocunque
305 410 384 454 volent,
394 410 490 448 animum
497 410 598 449 auditoris
607 416 697 458 umento.

127 462 156 500 Ut
164 461 281 500 ridentibus
289 459 388 502 strident.
398 460 429 498 its
438 460 538 500 flentibus
547 462 625 500 adsunt
694 463 726 500 iol

127 512 223 551 Humani
230 510 309 549 vultus.
335 510 357 548 si
365 511 397 548 vis
404 521 439 549 me
447 512 505 556 fiere,
516 511 632 550 dolendum
638 516 674 550 est

127 563 222 601 Primum
230 561 271 610 ipsi
279 560 331 605 tibi,
347 565 394 599 tum
402 564 440 599 tue
448 572 483 600 me
493 562 609 601 infortunia
617 561 710 602 laedent.

126 612 225 662 Telephe,
234 610 269 649 vel
279 610 350 656 Peleu,
359 610 416 649 male
425 613 443 650 si
451 614 553 651 mandute
561 613 662 662 loqueris,

126 665 170 702 Aut
177 661 302 706 dormitabo,
312 666 350 700 sut
356 662 437 701 ridebo.
464 663 650 702 Trlstlumoestum

125 714 215 752 Vultum
222 712 287 751 verba
295 712 378 759 decent,
388 713 466 752 lretum
474 713 537 763 plena
545 713 661 760 minarum,

125 765 243 803 Ludentem
251 763 336 809 lesciva,
345 774 441 802 severum
450 765 505 802 seris
514 765 579 804 dictu.

125 814 210 854 Format
218 813 276 852 enim
283 818 360 852 natura
368 815 426 863 prius
435 825 474 853 nos
482 815 671 854 intusadomnem
772 864 773 867 Ἴ

125 864 266 904 Fortunarum
273 864 381 909 hobitum
393 867 455 914 jurat
462 869 500 903 aut
507 864 598 914 impellit
606 867 635 904 ad
643 867 705 909 iram.

125 917 168 954 Aut
177 917 205 955 ud
212 916 303 954 humum
311 925 401 954 moerore
409 916 468 964 provi
477 916 563 954 deducit
571 920 594 954 et
602 917 673 965 augin

124 966 175 1004 Post
181 966 242 1005 effert
249 966 316 1005 enimi
323 970 394 1005 motus
401 966 516 1015 interprete
523 966 605 1015 lingue.
691 968 723 1006 ill

124 1017 146 1054 Si
155 1017 245 1059 dicentis
253 1020 317 1056 erunt
324 1016 414 1056 fortunis
422 1017 503 1055 absone
512 1016 575 1060 dioto,

124 1068 216 1106 hmani
224 1066 301 1106 tollent
308 1068 390 1117 equites
397 1067 520 1116 peditesque
528 1066 665 1106 cachinnum.

123 1117 222 1157 Intererit
229 1117 328 1164 multum,
339 1118 438 1157 Davusne
446 1116 551 1166 loquetur,
561 1128 590 1155 sn
598 1118 668 1164 heros,

123 1168 248 1207 Mamnune
256 1178 329 1213 senex,
339 1179 367 1208 sn
375 1168 446 1206 adhuc
451 1168 540 1207 florente
545 1169 635 1216 juvente

123 1218 235 1262 Fervidus;
248 1228 277 1256 'un
289 1222 387 1257 matrone
393 1222 475 1267 potens,
484 1230 512 1257 an
520 1218 595 1257 sedulo
603 1219 689 1265 nutrix;

122 1268 255 1308 Mercutome
263 1280 335 1318 rogus,
344 1270 440 1308 cultorne
448 1268 534 1308 virentis
544 1269 619 1317 egelli3

121 1319 218 1363 Colchus,
228 1330 255 1358 sn
264 1319 374 1368 Assyrium
388 1319 467 1358 Thebis
475 1320 573 1363 nutritus,
584 1331 611 1358 an
621 1320 691 1369 Argis.

147 1370 191 1408 Aut
197 1369 278 1408 famum
285 1380 381 1417 sequere,
387 1374 425 1408 eut
433 1370 475 1409 sibi
483 1370 631 1408 convenientia
639 1371 701 1419 finge,

120 1420 219 1469 scriptor.
245 1419 381 1459 Honoratum
388 1420 406 1460 si
414 1420 468 1459 torte
477 1420 560 1469 reponis
569 1421 689 1465 Achillem

120 1469 218 1519 impiger,
230 1470 351 1516 ineundus,
361 1472 505 1515 inexorabilis,
513 1481 567 1516 noer,
686 1473 718 1510 121

120 1519 172 1560 lura
181 1525 243 1569 neget
250 1521 291 1559 sihi
298 1525 356 1567 nete,
366 1521 421 1560 nihil
428 1532 472 1560 non
480 1525 563 1570 arroget
571 1522 647 1560 amnis:

120 1572 151 1609 Sit
160 1572 237 1610 Medos
243 1570 304 1610 lerox
312 1571 439 1620 invictaque,
448 1572 525 1611 flebilis
534 1572 580 1618 luo,

120 1623 214 1661 Perfidus
224 1622 292 1668 ixion,
302 1620 326 1660 Io
335 1633 394 1672 vegs,
404 1623 470 1661 tristis
479 1623 570 1661 Orestes.

119 1673 141 1710 Si
149 1673 201 1722 quid
209 1674 343 1722 inexpertum
351 1684 421 1712 scente
428 1673 548 1718 committis,
559 1677 581 1712 et
589 1674 655 1712 audes

119 1723 234 1762 Personam
241 1726 331 1762 formare
340 1734 428 1768 novum3
443 1728 537 1762 servetur
544 1724 572 1762 ed
580 1724 655 1770 imum,

118 1773 193 1819 Qualis
203 1774 230 1812 sb
239 1775 323 1823 incepto
331 1774 461 1822 processerit,
471 1778 493 1812 et
501 1774 541 1812 sibi
548 1779 637 1813 constet.

119 1824 210 1862 Difficile
216 1828 248 1863 est
256 1824 339 1873 proprie
347 1823 470 1863 communis
477 1824 554 1868 dicere,
564 1829 630 1873 tuque

120 1873 208 1912 Rectius
218 1874 307 1913 Iliacum
316 1885 402 1913 carmen
411 1875 494 1913 diducis
502 1875 525 1913 in
534 1879 600 1919 octus,

118 1924 629 1974 Qusmsiprolerresignotoindictuqueprimus.
680 1926 714 1963 llo

120 1974 209 2012 Publica
217 1976 315 2014 materies
323 1976 399 2024 privati
405 1975 459 2023 juris
466 1975 512 2021 erit,
522 1976 540 2014 si
770 1986 771 1989 ¹

117 2024 162 2061 Neo
170 2025 226 2063 circo
233 2025 298 2064 vilem
306 2025 446 2074 patulumque
455 2026 571 2065 moraberis
580 2028 664 2072 orbem,

118 2073 162 2111 Nec
172 2076 261 2113 verbum
268 2077 333 2114 verbo
341 2077 425 2114 curubis
432 2076 520 2115 reddere
528 2076 583 2116 fidus

116 2122 222 2172 interpres
230 2135 234 2169 ;
249 2135 288 2163 neo
297 2125 380 2166 desilies
389 2126 482 2165 imitator
490 2127 513 2165 in
521 2131 611 2172 erctum,

117 2171 178 2210 Unde
186 2175 261 2222 pedem
269 2176 362 2223 prolerre
369 2177 437 2226 pudor
445 2181 503 2216 votet
510 2181 548 2216 eut
556 2178 625 2226 operis
634 2178 675 2218 lex.

117 2221 161 2258 Neo
170 2223 187 2259 si
196 2223 291 2272 incipies,
300 2230 325 2263 ut
333 2226 423 2275 scriptor
430 2226 523 2276 cyclicus
531 2228 597 2267 olim:
