1562 2568
125 166 161 205 m
288 167 313 208 Q«
327 166 453 206 itonam
467 165 567 206 FLACCI

123 281 226 320 interiore
233 281 290 320 diem
298 293 349 330 gyro
356 280 428 327 trahit,
437 281 468 319 ire
475 292 562 320 necesse
569 285 609 320 eat

124 332 243 378 Postmodo,
252 333 310 382 quod
318 332 348 370 mi
356 333 417 376 obsit,
426 331 483 370 clare
491 337 617 381 certumque
625 330 704 379 locuto,

123 381 258 421 Luctandum
266 384 289 421 in
297 383 361 421 turba
369 388 392 421 et
398 382 496 420 facienda
503 383 582 431 injuria
589 384 665 421 tardis.

124 433 181 480 Quid
193 433 234 471 tibi
242 434 279 478 ¹eis,
288 433 369 480 insane,
382 438 405 471 et
415 444 480 482 quam
487 444 533 471 rem
541 434 600 481 ogisi
613 433 723 483 improbus

173 487 235 531 urget

124 532 186 572 Iratis
194 534 298 582 precibus.
325 534 358 572 Tu
365 534 436 583 pulses
443 544 505 572 omne
513 534 570 582 quod
578 533 657 580 obstat,
698 535 722 573 ³⁰

124 584 158 623 Ad
167 584 306 622 Mecenatem
314 586 403 623 memori
410 585 428 623 si
436 588 507 622 mente
519 595 623 623 recurras.

124 634 171 673 Hoo
182 635 250 681 juvat,
266 639 290 673 et
301 634 362 673 melli
376 639 414 681 est,
430 646 474 673 uon
486 635 587 675 mentiar.
614 635 644 673 At
659 634 724 674 simol

173 689 229 724 atras

123 732 218 773 Ventum
226 738 258 774 est
267 735 380 784 Esquilias.
389 735 460 774 aliene
467 735 552 784 negotia
560 739 649 774 centum

124 785 165 823 Per
172 790 236 834 eaput
244 791 266 825 et
273 787 330 824 eirea
338 785 417 824 saliunt
424 786 486 825 istus.
513 787 570 824 Ante
581 787 699 825 secundem

124 834 214 875 Roscius
222 837 348 882 orabatsibi
357 837 440 875 adesses
449 837 476 874 ad
485 836 560 875 Puteal
568 847 622 875 eras.

125 886 156 924 De
165 897 187 925 re
195 887 303 925 communi
313 887 388 925 soribae
395 897 473 935 magna
482 892 546 935 atque
555 897 612 925 nova
620 891 642 925 te

124 937 289 977 Orabauthodie
297 938 436 982 meminisses,
447 938 532 983 Quinte,
542 937 627 976 reverti.

125 987 236 1037 imprimet
243 988 282 1033 his,
292 999 349 1033 cura,
360 988 467 1027 biaecenas
475 989 535 1037 signo
543 988 637 1027 tabellis.

124 1037 215 1085 Dixeris,
227 1039 339 1087 Experior:
355 1038 422 1082 sivla,
431 1042 497 1086 potes,
508 1039 568 1077 addit
575 1043 598 1077 et
605 1039 677 1079 instat

124 1089 230 1138 Septimus
239 1094 312 1128 octavo
320 1089 404 1138 propior
409 1090 455 1137 iarn
463 1089 541 1137 fugerit
548 1100 626 1136 annus,
698 1088 723 1126 4⁰

125 1139 159 1177 Ex
167 1151 209 1188 quo
219 1141 325 1179 Maecenas
333 1151 368 1178 me
376 1140 441 1187 ooepit
448 1139 526 1177 habere
535 1150 623 1178 suorum

124 1190 150 1228 In
159 1200 254 1233 numero.
268 1191 373 1229 duntaxat
380 1191 408 1229 ed
416 1190 462 1235 hoe.
472 1201 536 1238 quem
544 1190 619 1228 tollere
627 1190 695 1229 rheda

124 1239 195 1279 Vellet
203 1241 243 1279 iter
251 1241 337 1286 taciens,
347 1246 369 1278 et
376 1240 410 1279 eui
418 1241 542 1279 concredere
551 1251 618 1289 nugas

124 1290 171 1330 1100
187 1303 264 1339 genus:
280 1291 338 1330 Hora
352 1295 417 1339 quota
432 1292 476 1330 esti
503 1290 575 1329 Threx
590 1295 624 1330 est
639 1290 725 1329 Gallina

175 1342 225 1390 Syro
234 1343 284 1390 part
765 1356 766 1363 ¹

125 1390 233 1430 Matutine
241 1403 316 1441 parum
325 1396 398 1430 cautos
403 1392 448 1439 jam
457 1391 535 1439 frigora
542 1392 653 1430 mordent:

125 1441 153 1480 Et
161 1453 209 1491 quae
216 1445 294 1481 rimosa
301 1443 356 1481 bene
365 1444 500 1491 deponuntur
508 1442 531 1480 in
538 1453 596 1480 aure.

125 1491 165 1530 Per
173 1497 240 1531 totum
247 1494 287 1531 hoe
295 1497 378 1542 tempus
386 1492 500 1540 subiectior
508 1492 530 1530 in
539 1493 596 1530 diem
606 1496 629 1531 et
637 1492 712 1532 horam

125 1541 221 1581 invidiae.
250 1545 292 1582 Nos
303 1555 325 1581 er
330 1543 392 1582 ludos
401 1547 532 1591 spectaverat
539 1553 589 1587 una,

124 1593 213 1632 Luserat
220 1594 243 1632 in
252 1605 298 1632 oeni
332 1605 337 1635 ς
353 1593 526 1631 Fortunaefllius!
541 1604 622 1631 omnes.

125 1643 222 1692 Frigidus
230 1655 243 1682 a
251 1644 333 1683 Rostris
341 1649 415 1682 manat
422 1655 459 1692 per
464 1645 557 1692 compita
562 1654 649 1689 rumor3
701 1645 726 1682 5⁰

124 1693 250 1742 Quicunque
259 1696 333 1733 obvius
341 1699 379 1739 est,
389 1705 424 1732 me
430 1695 533 1733 consulit:
549 1694 629 1732 Obone
639 1695 699 1741 (nam
706 1698 727 1733 te

124 1744 188 1789 Scire,
199 1746 255 1784 Deos
264 1745 365 1793 quoniam
374 1745 459 1793 propius
467 1745 577 1793 contingis,
587 1747 688 1793 oportet),

126 1794 236 1843 Numquid
244 1797 270 1834 de
281 1796 343 1834 Dacis
351 1795 442 1834 audisti?
470 1795 505 1833 Nil
514 1796 621 1844 equidem.
651 1796 680 1834 Ut
688 1800 713 1834 tu

125 1845 213 1896 Semper
220 1847 260 1885 eris
269 1846 359 1884 derisor!
386 1848 415 1883 At
422 1857 496 1884 omnes
505 1845 532 1884 Di
540 1846 652 1893 exagitent
659 1858 702 1889 me.

89 1902 94 1911 ’
124 1896 146 1934 ei
156 1898 276 1945 quicquum.
303 1897 376 1942 Quidl
389 1895 493 1936 militibus
500 1897 603 1945 promissa
612 1896 728 1946 Triquetra

124 1946 208 1985 Praedia
216 1948 286 1986 Caesar
294 1951 359 1985 anest
368 1946 423 1984 Itala
431 1946 507 1985 tellure
515 1948 618 1986 daturusl

124 1996 235 2036 iurantem
243 2009 278 2035 me
286 1997 340 2035 scire
348 1997 410 2042 nihil,
419 1998 524 2035 mirantur
531 2001 557 2035 ut
564 2008 633 2035 unum

124 2046 208 2085 Scilicet
215 2047 293 2095 egregii
301 2047 412 2086 mortalem
418 2047 499 2096 altique
507 2047 586 2086 silenti.

124 2094 222 2135 Perditur
229 2097 276 2135 haeo
284 2097 340 2137 inter
346 2098 423 2136 misero
431 2097 477 2143 lux,
486 2109 529 2136 non
537 2099 583 2136 sine
589 2098 657 2137 votis:

124 2144 192 2190 Orus,
201 2149 286 2194 quando
293 2148 496 2196 egoteedspiciamt
508 2149 638 2197 quandoque
645 2148 725 2195 licebit,

125 2193 188 2234 Nunc
193 2200 288 2235 veterum
296 2197 363 2243 libris,
370 2209 428 2236 nuuc
436 2208 511 2237 somno
520 2203 542 2237 et
550 2199 656 2239 inertibus
664 2200 722 2240 horu
