1562 2568
118 192 153 230 itt
280 189 305 235 Q.
320 188 444 227 nonam
457 187 557 227 FLACCI

118 305 201 345 Ducere
208 315 243 343 me
254 305 357 350 auditum,
366 314 440 352 perges
448 313 582 351 quoeunque,
592 307 708 342 memento.
757 310 758 347 1

117 356 173 395 Nam
182 354 279 404 quamvis
286 355 364 394 referas
372 355 461 392 memori
468 353 522 391 mihi
529 359 616 402 pectore
625 361 706 399 cuncu,

118 407 166 445 Non
175 412 246 444 tamen
254 407 356 454 interpres
362 405 488 443 tantundem
493 404 585 452 juveris:
600 406 657 443 adde
693 405 714 442 ⁹1

117 456 206 495 Vultum
214 456 355 504 habitumque
362 455 465 500 hominis,
479 465 543 504 quem
552 459 576 492 tu
583 456 664 495 vidisse
669 455 716 493 bea·

166 512 201 545 tus

118 557 166 596 Non
174 557 246 604 magni
256 557 338 605 pendis,
348 556 399 604 quia
406 556 504 603 contigit:
519 558 542 593 at
551 555 605 593 mihi
613 566 667 595 cura

117 607 166 646 Non
176 608 287 645 mediocris
295 608 356 652 inest,
365 607 435 645 fontes
443 611 468 645 ut
478 606 536 644 adire
543 611 638 645 remotos

117 658 187 707 Atque
195 658 280 696 haurire
288 669 366 706 queam
373 659 422 696 vitu
431 662 536 706 praecepta
544 657 622 695 beatu.

344 799 451 839 SATIRA
464 799 489 837 V.

117 902 166 942 Hoc
172 912 264 952 quoque,
273 902 359 946 Tiresia,
369 905 446 949 praeter
453 904 545 945 narrata,
554 901 638 949 petenti

118 954 242 1003 Responde:
258 954 335 1001 quibus
343 953 431 990 amissas
439 961 536 999 reparare
543 962 622 998 queam
630 962 664 990 res

118 1005 205 1042 Artibus
214 1009 278 1052 atque
286 1004 361 1041 modis.
388 1002 445 1047 Quid
453 1002 522 1040 rides?
549 1001 561 1038 J
563 1013 629 1039 amne
637 1001 710 1040 doloso

119 1055 167 1093 Non
175 1055 227 1093 eatis
233 1054 367 1093 estlthaeam
375 1052 453 1096 revehi,
463 1052 584 1100 patriosque
592 1058 682 1100 penates

119 1106 247 1154 Adspiceret
273 1105 291 1142 0
299 1103 354 1142 nulli
362 1104 479 1151 quidquam
487 1103 583 1147 mentite,
593 1104 654 1142 vides
663 1107 687 1141 ut

119 1155 195 1243 Nuduf
210 1156 313 1204 inopsque
326 1155 413 1192 domum
432 1154 523 1198 redeam,
537 1157 559 1190 te
575 1157 632 1199 vate,
650 1163 719 1202 neque

167 1218 175 1244 1
193 1217 212 1244 ro
434 1242 437 1247 ,

119 1256 163 1295 Aut
171 1255 274 1304 apotheca
281 1254 349 1304 procis
357 1254 436 1292 intacta
442 1257 480 1298 est,
491 1257 528 1291 aut
536 1264 612 1301 pecus:
627 1254 689 1303 atqui

119 1307 147 1346 Et
154 1317 227 1355 genus,
237 1310 259 1344 et
266 1308 338 1350 virtus,
347 1306 389 1344 nisi
397 1315 446 1342 eum
455 1315 483 1349 re,
493 1303 554 1342 vilior
563 1303 612 1352 alga
620 1308 660 1342 est.
758 1306 759 1351 t

118 1357 209 1404 Quando
215 1357 344 1405 pauperiem,
353 1356 422 1394 missis
431 1355 561 1402 ambagibus,
570 1354 652 1401 horres,
758 1358 759 1363 ’

118 1407 203 1456 Accipe,
214 1417 256 1454 qua
264 1406 345 1445 ratione
354 1416 419 1454 queas
427 1406 536 1443 ditescere.
562 1403 656 1452 Turdus,
698 1406 721 1443 1⁰

119 1459 167 1497 Sive
174 1457 233 1495 aliud
240 1458 323 1506 privum
332 1457 416 1494 dabitur
424 1456 469 1501 tibi,
479 1455 563 1493 devolet
570 1454 630 1501 illue,

120 1508 163 1547 Res
169 1508 207 1546 ubi
214 1518 292 1555 magna
300 1507 360 1552 nitet,
369 1507 455 1544 domino
463 1517 523 1550 sene;
538 1504 610 1544 dulcia
619 1517 690 1554 poma,

120 1559 148 1597 Et
154 1569 292 1606 quoscunque
298 1558 352 1595 feret
360 1557 429 1595 cultus
437 1557 477 1595 tibi
484 1556 565 1594 fundus
571 1555 671 1603 honores,

119 1610 175 1648 Ante
184 1609 259 1647 Larem
266 1612 337 1656 gustet
345 1607 485 1645 venerabilior
491 1607 543 1645 Lare
552 1606 623 1650 dlves;

119 1660 168 1706 Qui,
178 1659 274 1708 quamvis
282 1659 379 1707 perjurus
389 1658 435 1703 erit,
443 1658 488 1696 sine
496 1662 565 1705 gente,
575 1661 680 1697 cruentus

64 1716 69 1725 ’
120 1710 226 1760 Sanguine
234 1710 333 1754 fraterno,
342 1708 456 1756 fugitivum
473 1719 501 1746 ne
509 1713 581 1746 tamen
591 1706 624 1746 illi

120 1761 153 1800 Tu
161 1771 231 1799 eomes
240 1760 337 1802 exterior,
347 1759 365 1797 si
373 1758 471 1807 postulet,
480 1758 511 1796 ire
519 1769 610 1796 recines.

121 1810 177 1850 Utne
185 1815 255 1858 tegam
264 1821 339 1858 spureo
349 1810 422 1847 Damae
432 1809 500 1847 latus?
513 1808 572 1847 haud
578 1809 610 1846 ita
618 1808 689 1858 Trojae

121 1862 157 1901 Me
164 1863 225 1909 gessi,
235 1866 318 1899 certans
326 1871 409 1908 semper
417 1859 546 1898 melioribus.
574 1859 630 1907 Ergo

121 1911 204 1961 Pauper
212 1911 260 1950 eris.
287 1911 370 1948 Fortem
378 1911 418 1949 hoc
427 1910 523 1948 animum
532 1909 723 1958 tolerareJubebo:

122 1962 149 2000 Et
157 1963 264 2021 quondam
272 1963 353 2010 maJ'ora
361 1961 408 1999 tuli.
434 1961 577 2008 Tuprotinus,
587 1962 647 1998 unde
700 1962 722 1999 21

121 2011 211 2050 Divitias
220 2012 310 2058 aerisque
318 2022 386 2055 ruam,
396 2012 430 2049 dic
438 2021 511 2058 augur,
521 2021 614 2048 acervos.

121 2061 172 2098 Dixi
181 2061 287 2108 equidem,
296 2065 318 2099 et
326 2062 380 2099 dieo.
408 2062 483 2109 captes
492 2065 575 2099 astutus
583 2061 668 2109 ubique

120 2109 256 2148 Testamenta
263 2121 351 2148 senum:
365 2121 414 2154 neu,
426 2110 510 2149 eivafer
518 2121 575 2149 unus
586 2116 609 2148 et
617 2111 673 2150 alter

121 2158 270 2198 Insidiatorem
278 2170 369 2207 praeroso
377 2161 455 2208 sugerit
462 2161 535 2205 hamo,

121 2207 166 2247 Aut
173 2218 232 2256 spem
240 2208 339 2257 deponas,
349 2215 387 2250 aut
395 2215 461 2249 artem
469 2211 545 2250 illusus
552 2211 647 2250 omittas.
