1504 2564
190 182 350 226 cAuMiNUM
364 185 411 225 LIB
426 186 467 226 111.
609 189 633 229 5³

90 303 128 343 Me
135 300 239 341 fabulosae
247 300 336 340 Volture
344 302 367 341 in
376 301 461 352 Appulo

90 352 177 393 Altrlois
185 355 245 391 extre
253 351 319 390 limen
328 351 411 402 Apulis

115 404 177 443 Ludo
184 402 337 451 fatigatumque
345 414 419 443 somno

141 453 224 493 nonde
230 463 285 492 nova
292 464 381 503 puerum
388 454 499 504 palumbes

89 504 179 551 Tenere,
189 504 276 548 (mirum
285 505 342 552 quod
349 504 403 544 roret
410 508 515 554 omnibus,

87 555 218 603 Quicunque
226 554 288 593 celsae
296 554 371 594 nidum
380 556 520 604 Acherontiae,

115 605 229 654 saltusque
237 605 345 652 Bantinos,
354 609 376 644 et
383 616 457 646 usum

141 656 222 704 Pingue
230 659 304 695 tenent
310 656 397 696 humilis
406 657 507 706 Forenti)

89 706 121 747 Ut
127 709 175 746 tuto
181 707 209 745 ab
217 706 267 745 stris
274 717 359 756 corpore
366 707 444 757 viperis

89 757 212 798 Dormirem
220 760 242 795 et
248 756 313 802 ursis;
326 761 352 795 ut
358 768 464 806 premerer
471 770 531 800 soors

114 808 228 856 Louroque
235 806 353 856 collemque
360 811 436 857 myrto,

141 858 191 897 Non
199 857 244 897 sine
253 856 291 897 Dis
299 858 407 898 animosus
414 858 491 900 intem.

89 909 173 955 Vester,
183 908 287 955 comente,
297 912 366 947 vester
374 909 397 947 iu
404 910 481 950 arduos

9 988 11 993 ,
87 960 164 1000 Tollor
186 959 271 1004 abinos;
285 970 323 998 seu
331 958 492 1008 mihiirigidum

116 1011 164 1050 Prae
224 1036 229 1055 ‚
239 1020 277 1047 seu
285 1009 352 1048 iibur
359 1010 465 1059 supinum,

141 1060 184 1099 Seu
189 1059 276 1120 liquide
283 1059 382 1120 pieouere
390 1060 456 1100 Bniae.

90 1111 172 1151 Vestris
179 1121 272 1150 amicum
279 1110 373 1149 fontibus
382 1114 405 1150 et
411 1111 486 1157 choris,

9 1178 11 1181 ·
90 1163 141 1202 lion
149 1172 184 1200 me
193 1160 296 1211 Philippis
304 1171 363 1200 verse
370 1161 426 1201 ecies
434 1165 495 1210 retro,

116 1213 199 1252 Devote
205 1222 248 1250 non
256 1211 359 1250 exstinxit
366 1213 434 1259 arbor,

142 1262 187 1302 Neo
196 1261 267 1302 Siculo
276 1261 388 1301 Palinurus
396 1263 462 1302 unsis.

88 1313 205 1362 Utcunque
212 1323 297 1352 meeum
305 1323 342 1351 vos
351 1313 415 1360 eritis,
424 1313 492 1355 libens

89 1364 236 1405 insanientem
247 1363 320 1402 nuvite
328 1364 445 1412 Bosporum

114 1415 219 1460 Tentsbo,
228 1417 250 1453 et
257 1417 339 1453 erentes
347 1425 422 1454 ereum

141 1465 218 1505 Litoris
227 1465 306 1514 Assyrii
314 1466 388 1504 vietor.

89 1516 164 1556 Visam
174 1515 287 1554 Britannos
294 1515 412 1565 hospitibus
420 1516 481 1564 feros,

90 1567 119 1607 Et
126 1566 202 1607 loetum
209 1566 287 1614 equino
295 1566 397 1615 sauguine
403 1567 535 1614 Consanum

115 1618 190 1657 Visam
197 1616 328 1666 pharetratos
337 1615 427 1656 Gelonos

142 1668 170 1707 Et
178 1666 301 1716 Scythicum
308 1666 422 1707 inviolatus
430 1679 522 1708 emnem.

89 1718 134 1758 Vos
143 1717 248 1758 centem
256 1717 330 1764 situm,
338 1718 416 1757 militie
423 1718 488 1759 simul

89 1769 166 1809 Fessus
174 1768 270 1807 cohortes
277 1769 360 1807 abdidit
366 1770 455 1818 oppidis,

115 1819 188 1859 Finire
195 1821 325 1868 querentem
335 1819 425 1866 labores,

142 1869 212 1909 Pierio
219 1871 318 1909 recreatis
326 1874 400 1909 antro:

90 1920 134 1960 ves
142 1919 190 1960 lene
199 1920 310 1959 eonsilium
319 1924 341 1959 et
348 1921 410 1967 dnus,
419 1924 442 1959 et
448 1921 498 1959 doto

88 1971 200 2017 Gaudetis,
209 1970 279 2010 elmae.
305 1971 387 2010 Scimus
394 1974 420 2010 ut
426 1971 502 2021 impios

116 2022 205 2062 uiuum
211 2021 369 2070 immanemque
375 2025 467 2061 turmam

144 2071 241 2111 sunnine
248 2072 358 2111 sustulerit
364 2073 451 2120 eeduoo,

91 2122 136 2168 Qui
144 2126 222 2163 terrem
228 2123 323 2169 inertem,
333 2123 370 2171 qni
377 2133 435 2161 mare
443 2126 546 2173 temperat

89 2170 217 2220 ventosum,
227 2176 249 2212 et
258 2173 328 2219 urbes,
337 2182 443 2222 regnoque
451 2174 525 2221 tristis,

118 2224 226 2274 Divosque
233 2223 373 2271 mortalesque
381 2224 454 2263 turbas

143 2275 235 2326 Imperio
248 2273 302 2322 regit
309 2283 365 2313 unsis
371 2282 440 2321 nequo.
