1520 2572
273 677 594 753 SATIRARUM.

362 833 469 881 LIBER
485 834 505 881 1.

332 1013 535 1022 -——-——.--

367 1142 473 1182 SATIRA
486 1143 503 1181 l.

137 1243 182 1284 Qus
192 1243 222 1288 fit,
233 1243 346 1289 Maecenas,
354 1246 380 1282 ut
388 1253 457 1288 nemo,
467 1253 531 1290 quem
538 1242 578 1281 sibi
587 1247 668 1283 sortem

137 1294 179 1332 Seu
187 1294 241 1331 ratio
249 1294 337 1337 dederit,
346 1304 385 1332 seu
392 1294 434 1332 fors
442 1294 549 1342 objecerit,
559 1292 597 1331 illa

138 1344 255 1383 Contentus
263 1345 326 1390 vivat,
336 1343 409 1383 laudet
417 1344 501 1383 civem
508 1346 634 1392 sequentes?

138 1395 156 1432 0
164 1394 266 1433 fortunati
274 1398 406 1440 mercatores,
415 1395 483 1443 gravis
492 1395 554 1433 annis

138 1443 201 1484 Miles
210 1445 246 1490 eit,
256 1444 324 1483 multo
329 1446 374 1493 lam
383 1445 462 1484 fractus
469 1445 565 1483 membre
573 1444 655 1485 labore.

137 1495 217 1534 contra
224 1499 334 1542 mercator,
344 1506 421 1534 novem
426 1496 558 1544 sectantibus
567 1495 665 1535 Austris:

139 1545 217 1584 Militis
225 1550 257 1584 est
264 1546 339 1595 potior.
357 1546 414 1591 Quid
422 1546 495 1584 enim?
521 1546 669 1585 Concurritur:
680 1545 734 1585 horae
757 1560 758 1563 ¹

138 1595 248 1635 Memento
257 1596 344 1635 suecica
354 1607 410 1635 mors
419 1597 484 1642 venit,
493 1600 531 1635 sut
536 1596 625 1635 victoria
633 1596 691 1636 laets.

138 1646 258 1695 Agricolam
266 1646 341 1685 laudat
345 1647 399 1695 juris
407 1645 520 1695 legumque
527 1647 615 1695 peritus,

138 1697 182 1736 Sub
189 1697 240 1746 galli
247 1702 333 1736 cantum
342 1696 448 1735 consultor
455 1697 493 1736 ubi
500 1698 553 1737 ostia
561 1695 643 1746 pulsat.
714 1698 735 1735 lo

138 1747 186 1791 lue.
194 1748 250 1787 datis
256 1748 346 1786 vadibus
354 1748 392 1797 qui
399 1758 447 1786 rure
454 1752 561 1786 extractus
568 1748 592 1786 in
600 1748 678 1787 urbem
686 1751 723 1794 est.
755 1748 756 1753 ’

138 1797 495 1838 solostedcesviventssclamatin
504 1799 563 1836 urbe.
755 1774 756 1837 ι

139 1848 212 1887 Cetera
221 1849 247 1887 de
255 1860 331 1897 genere
338 1848 386 1893 hoc,
395 1849 448 1887 adeo
457 1852 507 1887 sunt
514 1848 589 1894 multa,
598 1848 712 1897 loquacem
754 1840 756 1873 1

139 1898 250 1938 Delasssre
257 1899 330 1939 valent
338 1899 435 1938 Fabium.
461 1899 494 1937 Ne
502 1902 523 1937 te
532 1909 607 1944 morer,
615 1900 675 1945 sudi,

139 1949 187 1995 Quo
196 1960 241 1988 tem
251 1949 361 1988 deducam.
381 1950 403 1988 Si
411 1949 459 1998 quis
468 1949 532 1995 Deus,
543 1950 576 1989 En
585 1960 632 1997 ego,
642 1951 706 1991 diest

139 1999 152 2036 J
153 2010 187 2038 sm
196 1999 274 2038 faciam
282 2000 338 2048 quod
346 1999 410 2038 vultis
418 2012 422 2038 :
436 2000 477 2038 eris
485 2004 516 2046 tu,
526 2000 563 2048 qui
570 2000 635 2038 modo
643 2000 711 2046 miles,

139 2050 255 2088 Mercator:
270 2053 294 2088 tu
302 2049 411 2089 consultus
419 2050 482 2089 modo
490 2051 580 2089 rusticus
590 2062 595 2088 ι
609 2050 661 2089 hino
669 2062 710 2095 vos,

140 2099 182 2137 Vos
191 2099 241 2137 hinc
249 2101 336 2138 mutetis
343 2100 444 2138 discedite
452 2100 560 2148 partibus:
574 2101 615 2144 eis,

140 2149 196 2194 Quid
205 2149 279 2188 statist
298 2150 378 2188 Nolint.
405 2150 470 2198 Atqui
478 2150 530 2189 licet
537 2161 582 2189 csse
591 2152 668 2191 beatis.

139 2198 197 2244 Quid
204 2209 274 2238 csusae
283 2205 321 2245 est,
330 2200 405 2238 merito
412 2200 463 2248 quin
472 2200 515 2240 illis
523 2200 608 2250 Jupiter
613 2204 688 2242 ambas
711 2202 732 2240 20
