1504 2564
196 176 357 219 cauussuuui
370 180 418 220 Idu
431 182 449 221 1.
600 187 620 224 ll

69 292 123 330 Arte
132 294 230 332 materna
237 294 321 343 rapidos
329 301 447 336 morantem

70 342 197 382 Plumiuum
205 343 276 393 lapsus
284 345 405 396 celeresque
412 352 492 396 ventos,

71 393 181 432 Blandum
189 397 211 433 et
218 395 298 435 auritao
305 396 382 437 fldibua
389 400 472 439 canoris
546 431 548 435 .

148 444 231 484 Ducere
239 457 335 494 quercus.

69 494 126 536 Quid
133 495 194 544 priua
202 496 271 535 dicam
279 496 346 537 nolitia
351 499 446 540 Parentis

68 545 193 585 laudibus?
206 548 244 595 qui
251 558 284 586 rea
292 548 403 589 hominum
410 561 436 590 ao
444 551 543 601 Deorum,

68 596 111 639 Qui
119 607 180 635 mare
188 607 214 636 ac
221 601 294 645 terrae,
302 600 407 650 veriloqua
414 604 519 643 muudum
567 602 577 615 ⁸

144 647 259 698 Temperat
265 649 336 690 horici

68 696 131 737 Unde
139 698 171 737 nil
179 700 249 747 majus
256 702 426 751 generaturum,

66 747 113 787 Nec
120 748 179 798 viget
186 750 302 838 ffldquam
309 752 378 792 simile
386 757 425 792 aut
431 756 559 796 secundum:

67 798 179 839 Proximos
188 800 194 808 '
213 799 218 810 ’
227 804 299 840 tamen
306 805 417 854 occupavit

144 849 215 891 Pallan
220 850 317 891 honorea.

66 898 152 940 Proeliia
160 902 238 949 audax,
247 913 317 952 neque
325 906 346 943 te
354 904 428 952 silebo,

65 949 136 996 Liber,
146 956 168 991 et
176 953 237 993 aoevia
244 953 332 993 inimica
340 955 405 1004 Virgo

66 1000 160 1041 Bellula:
173 1014 214 1042 neo
221 1007 249 1051 te,
258 1007 372 1045 metuende
380 1010 439 1046 certa

142 1052 222 1094 Phoebe
230 1056 313 1104 sagitta.
372 1100 377 1107 ‚

64 1101 142 1142 Dicam
150 1107 172 1142 et
179 1104 276 1153 Alciden,
287 1118 406 1157 puerosque
415 1107 485 1157 Ledae,

64 1152 130 1193 Hunc
137 1155 204 1204 equis,
213 1155 275 1196 illum
283 1168 382 1207 superare
390 1159 466 1209 puguia

64 1203 165 1244 Nobilem
172 1217 176 1243 :
191 1216 281 1255 quorum
289 1208 354 1248 simul
361 1209 411 1250 alba
418 1212 489 1252 nautia

140 1255 207 1295 Stella
213 1257 303 1306 refulsit,

63 1303 145 1345 Defluit
150 1308 208 1347 saxia
216 1309 308 1357 agitatur
316 1309 402 1358 humen

61 1354 183 1396 eoncidunt
190 1359 255 1405 venti,
264 1359 390 1411 mginntque
398 1363 477 1412 nubem

62 1405 91 1445 Et
97 1408 179 1455 minax,
188 1419 239 1448 nam
246 1410 276 1449 oio
284 1410 375 1460 voluere,
385 1418 451 1463 ponto

138 1458 201 1498 Unda
208 1461 320 1500 recumbit.

61 1505 179 1548 Romulum
187 1514 235 1559 poat
242 1511 281 1550 hoa
289 1512 354 1561 priua,
364 1523 392 1552 an
400 1515 497 1564 quletum

61 1557 154 1608 Pompili
161 1571 250 1609 reguum
257 1572 379 1610 memorem,
388 1575 416 1603 au
424 1568 524 1616 superma

60 1607 165 1660 Tarquini
172 1611 247 1658 faeces,
257 1613 337 1661 dubito,
347 1625 375 1654 au
384 1615 468 1657 catomo

136 1661 215 1700 Nobile
222 1662 296 1701 letum.
509 1676 513 1677 ⁷

59 1707 174 1758 Regulum,
185 1716 207 1750 et
215 1713 309 1760 Scauros,
318 1716 437 1765 animeque
445 1728 528 1767 magnae

9 1758 10 1791 ζ
60 1759 175 1810 Prodigum
184 1762 289 1811 Paullum,
299 1770 411 1815 superante
420 1767 493 1816 reno,

59 1810 136 1851 Gratus
145 1812 223 1861 insigni
230 1814 321 1854 referam
328 1817 426 1865 camena,

133 1862 304 1915 Fabriciumque.

57 1910 129 1958 Hunc,
138 1917 161 1951 et
168 1913 267 1955 incomtla
275 1916 361 1957 ciuium
369 1917 458 1968 capillis,

57 1960 138 2001 Utilem
146 1963 204 2003 bello
211 1965 266 2013 tulit,
276 1972 298 2006 et
306 1968 425 2016 Camillum,

56 2011 118 2051 Saeva
125 2019 240 2063 paupertas
247 2021 269 2055 et
276 2019 344 2058 avitm
352 2024 402 2069 apto

133 2065 187 2104 (lum
196 2065 239 2105 lare
245 2068 332 2109 fundus.

56 2111 141 2161 crescit,
151 2117 235 2156 occulto
243 2117 302 2157 velut
309 2120 371 2159 arbor
379 2131 431 2167 aevo,

57 2162 122 2203 Fama
129 2165 237 2206 Marcelli:
251 2169 316 2208 micat
322 2171 378 2210 inter
384 2181 458 2211 omnea

57 2212 139 2256 lullum
147 2216 212 2264 uidua,
221 2218 280 2258 velut
287 2221 342 2260 iuter
348 2223 408 2270 ignea

131 2266 194 2308 Luna
202 2269 302 2309 minores.
