1562 2568
208 168 413 209 EPISTOLARUM
426 168 482 208 ΜΒ.
492 170 522 209 11.
630 171 667 208 219

67 285 113 327 Res
163 289 185 324 et
194 297 229 325 me
237 285 308 325 nulla:
323 297 370 324 meo
379 296 426 324 sum
436 295 517 334 pauper
525 285 547 323 in
555 294 604 323 rere.

66 338 139 377 Nemo
163 348 188 376 oc
195 348 325 386 mangonum
332 336 467 380 facerettibi3
478 346 520 374 nou
529 339 668 374 temereame

66 389 144 435 Quivis
152 387 217 426 ferret
225 389 281 427 idem
289 401 294 426 ε
308 387 374 426 semel
381 387 417 425 hic
426 387 522 431 cessavit,
532 389 560 431 et,
568 386 628 431 utut,

67 439 95 478 ln
104 437 169 478 scalis
176 438 240 477 latuit
247 443 344 477 metuens
352 437 465 487 pendentis
472 437 570 475 habena.
589 438 596 457 s
599 442 603 457 ¹

68 490 113 528 Des
122 500 228 534 nummos,
238 494 329 538 excepta
337 488 391 527 nihil
399 493 420 527 te
428 489 446 526 si
455 488 505 536 iuga
513 487 580 526 loedit.

67 539 109 578 Ille
117 539 174 578 ierat
180 541 271 588 pretium
280 550 349 589 poenae
358 550 451 584 secunia
460 540 541 588 opinor.

68 590 167 629 Prudens
175 591 245 629 emisti
253 591 364 629 vitiosum:
378 591 436 628 dicta
443 590 483 627 tibi
491 595 524 628 est
532 589 580 628 lex:

68 641 192 689 lnsequeris
200 644 272 679 tamen
280 641 337 679 hunc
345 646 367 679 et
374 641 412 678 lite
420 640 508 678 moraris
516 639 605 688 iniqua?

69 690 122 730 Dixi
129 702 165 729 me
172 691 256 739 pigrum
264 692 404 740 proficiscenti
413 691 459 735 tibi,
473 691 518 728 dixi
643 689 668 727 20

68 741 158 780 Talibus
166 741 239 780 officiis
248 753 312 790 prope
320 752 431 785 mancum
444 751 472 778 ne
481 751 529 778 mea
537 750 606 779 saevus

69 792 170 840 iurgares
179 793 207 830 ed
215 796 236 830 te
244 793 301 840 quod
309 790 398 841 epistula
406 790 466 829 nulle
473 791 561 829 veniret„

60 843 127 889 'Quid
135 846 182 881 tum
190 842 275 891 profeci,
285 853 369 881 mecum
376 841 477 879 facientia
482 842 531 888 Jura

69 893 92 932 si
100 898 173 932 tamen
181 895 286 931 attentas?
308 893 406 938 Quereris
414 902 477 939 super
484 891 525 929 boc
533 890 604 937 etiam,
611 890 668 939 quod

69 944 199 994 Exspectata
207 945 246 982 tibi
255 954 298 981 non
306 943 390 987 mittam
397 942 492 980 carmina
499 942 599 979 mendax.

69 993 154 1033 Luculli
162 994 224 1033 miles
232 993 321 1033 collecta
328 993 405 1031 viatica
412 992 486 1030 multis

69 1044 185 1090 AErumnis,
193 1045 262 1083 lassus
269 1045 321 1082 dum
329 1048 394 1082 noctu
401 1044 475 1088 stertit,
485 1042 513 1080 ed
524 1053 593 1080 assem

70 1095 203 1140 Perdiderat3
216 1095 309 1144 posthoc
315 1093 504 1142 vehemenslupus,
510 1093 577 1132 etsibi
585 1095 607 1131 et
612 1091 668 1131 hosti

71 1145 141 1184 Iratus
149 1147 233 1195 pariter,
245 1146 324 1194 ieiunis
333 1144 433 1183 dentibus
442 1155 496 1189 acer,

70 1194 195 1235 Praesidium
204 1196 273 1245 regale
281 1196 328 1234 loco
336 1195 419 1243 dejecit,
429 1200 453 1232 ut
459 1195 525 1239 aiunt,
643 1193 667 1230 ³0

71 1247 158 1285 Summe
165 1247 248 1287 munito
255 1250 276 1286 et
284 1247 400 1285 multarum
409 1245 473 1283 divite
480 1255 558 1283 rerum.

69 1297 144 1336 Clarus
153 1298 180 1335 ob
188 1297 211 1335 id
219 1297 300 1336 iactum
308 1298 369 1336 donis
377 1301 464 1334 ornetur
471 1295 565 1334 honestis
572 1307 577 1338 ;

67 1348 153 1397 *Accipit
161 1348 222 1386 ethis
231 1349 287 1387 dena
294 1359 357 1397 super
365 1348 460 1386 sestertia
468 1345 586 1385 nummum.

70 1398 132 1439 terte
140 1398 180 1437 sub
187 1398 228 1436 hoc
236 1405 319 1447 tempus
327 1398 439 1437 castellum
448 1402 540 1436 evertere
553 1399 630 1445 praetor

70 1450 147 1489 Nescio
155 1450 213 1498 quod
223 1450 317 1499 cupiens,
326 1449 406 1487 hortari
415 1449 479 1497 coepit
487 1448 579 1486 eundem

70 1499 145 1539 Verbis
154 1510 202 1549 quae
208 1500 284 1538 timido
290 1510 374 1547 quoque
382 1503 468 1548 possent
475 1499 552 1536 addere
561 1499 666 1535 mentem:

70 1552 84 1572 ‘¹
93 1550 111 1596 1,
120 1551 182 1593 bone,
191 1561 233 1597 quo
241 1549 307 1588 virtus
315 1554 353 1588 tua
362 1554 382 1587 te
391 1555 460 1592 vocat:
475 1549 482 1586 i
490 1549 544 1597 pede
552 1548 628 1592 lausto,

70 1601 164 1640 Grandia
171 1600 253 1638 laturus
260 1600 384 1638 meritorum
392 1600 490 1648 praemial
517 1593 647 1643 Quidstasl''

71 1651 121 1692 Post
128 1651 174 1689 berc
182 1650 218 1688 ille
228 1656 296 1694 catus,
306 1651 442 1698 quantumvis
450 1649 548 1694 rusticus,
558 1648 626 1692 “lbit,

70 1702 114 1741 ibit
122 1712 154 1746 eo,
164 1712 206 1748 quo
214 1702 253 1747 vis,
263 1701 300 1748 qui
311 1711 386 1738 zonam
394 1697 507 1749 perdidit.’'
514 1698 592 1747 inquit
643 1699 668 1735 40

70 1752 145 1791 nome
154 1751 230 1789 nutriri
237 1751 290 1789 inihi
298 1751 392 1798 contigit,
404 1755 468 1798 atque
476 1750 553 1795 doceri,

71 1802 142 1842 Iratus
151 1801 218 1840 Graiis
226 1806 330 1850 quantum
339 1801 445 1839 nocuisset
453 1798 554 1838 Achilles.

71 1854 173 1901 adjecere
180 1852 242 1889 bonae
251 1851 315 1901 paulo
322 1851 371 1901 plus
379 1851 430 1890 artis
437 1850 534 1893 Athenae.

71 1903 154 1944 Scilicet
162 1907 187 1940 ut
193 1912 277 1951 possem
285 1913 349 1942 curvo
356 1903 479 1951 dignoscere
486 1905 575 1945 rectum,

73 1954 141 2003 Atque
149 1952 204 1991 inter
212 1952 276 1992 silvas
284 1953 386 1991 Academi
394 1962 489 2001 quaerere
497 1962 578 1990 verum.

73 2004 130 2043 Dura
138 2004 175 2042 sed
184 2014 280 2043 emovere
288 2004 335 2043 loco
342 2015 377 2042 rue
384 2008 480 2052 tempora
487 2006 553 2051 grato,

71 2052 183 2103 civilisque
192 2055 266 2093 rudem
274 2054 326 2093 belli
334 2055 383 2093 tulit
391 2062 456 2093 aestus
464 2055 486 2092 in
495 2064 560 2099 arma,

72 2104 157 2145 cesam
168 2106 259 2152 Augusti
266 2117 309 2144 non
317 2116 442 2155 responsura
450 2105 540 2143 lacertis.

71 2154 131 2195 llude
139 2156 202 2195 simul
211 2158 303 2205 primum
311 2168 344 2194 me
353 2157 451 2194 dimisere
462 2155 560 2204 Philippi,

72 2205 150 2245 Decisis
158 2207 261 2246 humilem
270 2208 351 2257 pennis,
361 2208 487 2255 inopemque
496 2206 578 2255 paterni
643 2207 667 2241 50
