1562 2568
115 194 150 231 196
277 186 303 229 Q.
316 184 440 227 HORATII
453 182 553 224 susce!

115 307 154 347 cui
162 317 205 346 non
214 303 325 344 conveniet
332 312 371 341 sua
379 311 419 345 res,
428 302 453 337 ut
461 297 545 337 calceus
553 295 612 342 olim,

115 360 137 398 si
145 358 199 407 pede
207 357 274 403 malos
282 355 328 397 erit,
337 353 455 393 subsertet;
470 348 489 387 si
497 349 573 392 minor,
582 351 638 385 uret.

115 410 186 449 Laetus
194 410 249 446 sorte
257 410 295 443 tua
304 405 362 443 vives
371 402 483 450 sapienter,
495 398 573 436 Aristi:

115 460 161 499 Nec
169 470 203 497 mc
212 456 305 495 dimittes
312 454 467 500 inclamatum,
482 449 519 487 ubi
527 447 589 497 plura

115 511 193 559 Cogere
201 517 266 556 quam
274 505 326 544 satis
335 508 373 550 est,
384 514 409 541 ac
418 512 460 540 non
469 510 550 538 cessare
558 498 655 536 videbor.

116 561 216 608 imperat,
225 557 283 595 haud
290 555 359 598 servit,
367 553 456 592 collecta
463 550 555 599 pecunia
561 550 648 596 cuique,

116 612 204 650 Tortum
212 608 276 655 digna
284 605 345 653 sequi
353 605 423 653 potius
432 612 496 651 quam
504 601 581 638 ducere
589 599 674 636 firnem.

117 661 170 700 Haec
178 658 217 698 tibi
227 657 334 696 dictabam
342 659 390 704 post
397 654 471 691 fanum
480 655 541 701 putre
551 649 653 695 Vacunae,

118 712 219 759 Excepto,
228 708 286 758 quod
293 718 337 746 non
345 704 409 745 simul
417 714 480 748 esses,
488 706 559 740 cetera
570 700 642 741 laetus.
694 700 718 736 5⁰

324 880 462 922 EPISTOLA
475 879 515 918 XI.

285 984 326 1022 An
348 981 546 1019 Bonnsrruu.

118 1062 182 1107 Quru
190 1059 231 1098 tlbi
238 1058 285 1096 viss
292 1055 361 1100 culos,
371 1052 458 1097 uoluti,
467 1055 560 1098 notaque
569 1049 664 1089 Lesbost

119 1112 177 1158 Quid
186 1110 291 1149 concinna
299 1106 386 1145 Samos?
400 1104 452 1152 quid
461 1102 527 1141 Croesi
535 1102 593 1149 regia
603 1101 690 1140 Sardis?

119 1163 209 1211 Smyrna
216 1160 274 1208 quid,
286 1162 309 1196 et
315 1155 434 1203 Colophon?
444 1154 524 1200 maj0ra
532 1152 643 1190 minorave
652 1151 722 1190 lama?
743 1195 745 1197 ,

120 1212 228 1251 cunctane
235 1220 279 1259 prae
288 1218 364 1255 campo
372 1210 395 1245 et
403 1204 503 1243 Tiberino
511 1203 600 1241 flumine
609 1203 711 1241 sordenti

120 1264 155 1302 An
162 1261 252 1300 venitin
260 1264 333 1298 votum
342 1255 442 1297 Attalicis
450 1265 477 1293 ex
486 1253 574 1292 urbibus
581 1263 627 1291 una
635 1255 644 1291 l

121 1314 156 1351 An
164 1312 271 1351 Lebedum
279 1309 361 1354 laudas,
372 1307 420 1345 odio
432 1305 495 1344 meris
503 1308 567 1350 atque
577 1303 679 1342 viarum?

122 1364 173 1407 Scis,
181 1362 276 1401 Lebedus
285 1360 338 1410 quid
345 1359 384 1403 sit;
401 1357 472 1397 Gabiis
480 1354 581 1393 desertior
590 1358 657 1402 atque

122 1413 207 1452 Fidenis
217 1413 275 1450 vicus
283 1423 287 1455 ;
302 1414 373 1448 tamen
381 1407 426 1447 illic
434 1407 503 1445 vivere
511 1404 596 1448 vellem,

122 1464 248 1510 oblitusque
255 1470 357 1505 meorum,
367 1457 522 1497 obliviscendus
531 1454 611 1500 erinis,

80 1542 84 1549 ·
124 1515 249 1564 Neptunum
257 1510 330 1561 procul
339 1522 350 1549 e
359 1514 415 1547 terra
423 1515 517 1557 spectare
525 1505 642 1543 furentem.
704 1504 726 1540 10

125 1566 166 1604 Sed
175 1574 244 1613 neque
252 1563 289 1611 qui
299 1562 372 1610 Capua
382 1560 472 1598 Romam
480 1557 540 1607 petit.
549 1556 620 1595 imbre
628 1556 717 1604 lutoque

125 1617 250 1665 Adspersua,
258 1612 316 1652 volet
323 1613 346 1651 in
355 1621 452 1659 caupona
460 1609 542 1650 vivere;
557 1617 604 1652 nec,
615 1608 653 1654 qui

125 1667 199 1714 Frigus
209 1664 299 1711 collegit,
308 1663 381 1701 furnos
390 1666 412 1699 et
419 1659 496 1698 balnea
505 1657 586 1703 laudat,

126 1717 156 1754 Ut
166 1717 296 1755 fortunatam
303 1712 365 1761 plene
374 1710 497 1759 praestantia
505 1708 578 1746 vitam.

127 1767 179 1813 Neo,
189 1768 207 1806 si
215 1770 236 1804 te
244 1764 326 1803 validus
332 1761 445 1812 jactaverit
454 1760 531 1797 Auster
538 1759 561 1795 iu
571 1756 621 1802 alto¹
666 1768 669 1775 ¹

128 1818 209 1856 idcirco
218 1826 294 1854 navem
303 1819 361 1851 trans
370 1811 467 1859 AEgaeum
476 1819 534 1847 mare
542 1808 632 1849 vendas.

128 1867 233 1907 Incolumi
242 1865 327 1903 Rhodos
336 1868 357 1902 et
366 1860 468 1909 Mitylene
477 1858 567 1908 pulchra
575 1858 634 1904 facit,
644 1857 704 1906 quod

129 1917 210 1956 Penula
218 1915 312 1957 solstitio.
322 1916 439 1961 campestre
448 1909 554 1949 nivalibus
563 1908 628 1953 auiis.

129 1968 169 2005 Per
175 1968 272 2005 brumam
281 1965 369 2007 Tiberis,
380 1960 455 2000 Sextili
464 1970 537 1998 mense
548 1959 656 1997 caminus.

129 2018 186 2054 Dum
195 2016 251 2058 licet.
261 2018 283 2053 et
290 2013 374 2052 vultum
382 2015 452 2049 servat
457 2011 551 2048 Fortuna
561 2009 691 2058 benignum,
708 2008 734 2051 m

130 2066 205 2103 Romae
214 2065 313 2102 laudetur
322 2065 401 2107 Samos,
411 2067 433 2100 et
442 2061 511 2104 Chios,
520 2066 543 2098 et
550 2059 640 2101 Rhodus
648 2061 733 2100 aum.

130 2115 169 2158 Tu,
180 2124 328 2161 quamcunque
338 2113 396 2151 Deus
404 2112 444 2149 tibi
452 2111 594 2149 fortunaverit
599 2106 687 2157 barem,

131 2165 196 2201 Grata
204 2174 264 2200 sume
274 2173 351 2205 manu5
365 2173 405 2200 nec
411 2160 484 2201 dulcia
491 2160 554 2199 differ
562 2161 585 2198 in
593 2171 690 2207 annum

132 2212 167 2257 Ut,
177 2222 304 2259 quocunque
313 2211 359 2250 loco
370 2210 442 2256 fueris,
451 2211 530 2251 vixisse
538 2210 635 2251 libenter
