1520 2572
304 205 399 245 suom.
538 176 545 187 ’
616 208 653 245 ns

79 320 170 359 Volents
178 319 244 365 Circa,
253 321 360 366 membra;
374 326 425 362 tunc
433 332 494 361 mens
502 325 523 360 et
530 331 594 360 sonus

79 371 191 420 Relapsus,
202 374 266 418 atque
275 375 337 411 notus
346 373 368 411 in
376 373 448 412 vultus
456 373 530 411 honor.

79 422 136 462 Dedi
143 422 194 461 sutis
203 433 307 472 superque
311 433 423 471 poensrum
429 424 475 467 tihi.

80 473 158 512 Amata
164 473 235 511 nautis
243 472 334 511 multum
343 478 366 512 et
373 474 513 514 institoribus.

80 524 143 572 Fugit
148 524 253 572 juventas,
263 527 285 561 et
291 525 423 563 verecundus
431 524 489 564 color

80 574 177 623 Reliquit
185 584 238 620 ossa,
263 574 303 613 elle
312 575 475 621 auricularium

80 626 132 665 Tuis
137 623 227 673 capillus
256 625 296 663 bus
304 629 337 664 est
346 626 451 670 odoribus,

80 675 170 715 Nullum
179 687 192 714 a
200 675 272 714 labore
280 686 314 714 me
322 675 411 714 reclinat
418 677 493 715 otium.

80 727 147 775 Urget
154 727 211 765 diem
220 737 270 770 nox,
279 729 301 764 st
308 725 354 765 dies
362 730 453 773 noctem,
462 738 531 776 nequa
540 730 572 766 cst

79 777 159 817 Levare
167 781 227 816 tenta
234 776 310 825 spiritu
317 777 440 824 praecidis.

81 828 142 876 Ergo.
152 832 259 876 negatum,
269 827 348 872 vincor,
357 831 382 865 ut
389 828 474 865 credam
482 828 552 873 miser,

81 878 167 917 Sabella
174 882 248 927 pectus
257 878 366 927 increpare
375 878 476 923 carmina,

80 930 190 978 eaputqus
199 929 270 967 Marsa
280 927 370 967 dissilire
379 927 457 966 nenia.

80 980 137 1026 Quid
146 979 238 1028 amplius
245 979 291 1018 visi
317 978 335 1017 0
343 989 402 1017 mare
410 982 432 1017 et
440 977 506 1017 terrai
520 977 589 1023 ardeo,

80 1031 189 1077 Quantum
197 1041 267 1078 neque
275 1033 321 1068 atro
328 1029 436 1068 delibutus
445 1028 548 1067 Hercules

81 1081 143 1120 Nessi
151 1091 232 1126 cruore,
241 1091 281 1119 uec
288 1080 365 1119 Sicana
372 1080 455 1118 fervido

79 1132 160 1170 lutens
168 1132 191 1169 in
200 1131 265 1169 AEtna
271 1131 365 1169 flamma
392 1130 432 1174 Tu,
442 1130 509 1169 donec
517 1129 571 1167 cinis

79 1182 190 1231 injuriosis
198 1182 269 1221 aridus
276 1181 413 1226 venustetur,

80 1233 140 1272 Cales
148 1232 237 1271 venenis
245 1232 329 1271 offloins
337 1231 447 1271 Colchicis.

79 1284 134 1330 Quae
142 1283 203 1322 linis?
216 1287 254 1322 sut
262 1283 318 1332 quod
326 1295 361 1322 me
369 1286 443 1321 manet
450 1281 579 1331 stipendium
587 1281 595 1319 i

80 1334 151 1373 Effare
159 1345 164 1371 :
176 1334 246 1381 jussas
254 1345 303 1373 cum
311 1334 353 1373 ilde
360 1344 436 1384 poenas
443 1332 515 1378 iussu

80 1385 171 1423 Paratus
179 1385 271 1433 expiare,
280 1396 318 1424 seu
325 1384 444 1434 poposceris

79 1436 170 1474 Centum
176 1436 284 1483 juvencos,
293 1436 337 1475 siva
345 1436 443 1475 mendaci
451 1433 497 1482 lyra

79 1485 144 1524 Voles
153 1486 234 1530 sonam
248 1489 273 1525 tu
280 1486 364 1535 pudica,
374 1491 399 1525 tu
406 1486 473 1534 probs

79 1535 241 1575 Perambulsbis
252 1540 308 1575 astru
316 1536 374 1576 sidus
383 1547 478 1583 aureum.

79 1586 170 1626 Infamis
179 1586 268 1626 Helenae
277 1587 349 1625 Castor
356 1587 449 1626 offensus
456 1585 509 1630 vice,

78 1637 194 1685 Fraterque
202 1637 274 1685 magni
283 1637 380 1683 Castoris,
389 1636 440 1676 victi
447 1647 517 1685 praes,

77 1688 171 1727 Ademta
179 1688 223 1726 vsti
230 1687 340 1726 reddidere
348 1687 438 1726 lumina.

79 1739 108 1778 Et
116 1742 147 1785 tu,
157 1742 216 1787 potes
224 1748 281 1782 nam.
291 1736 348 1775 solve
358 1749 392 1776 mc
401 1737 515 1781 dementia,

78 1790 97 1828 0
105 1801 146 1829 nec
153 1788 247 1837 paternis
256 1786 351 1826 obsoleta
358 1787 461 1829 sordibus.

78 1840 125 1879 Nec
133 1841 156 1879 in
164 1851 187 1879 se
203 1839 267 1877 ulcris
275 1848 393 1887 pauperum
401 1837 493 1886 prudens
501 1847 555 1875 anus

78 1890 176 1930 Novend'
200 1901 222 1928 es
230 1889 332 1937 dissipare
340 1888 445 1937 pulveres.

78 1941 128 1981 'fibi
135 1939 241 1990 hospitale
250 1944 330 1989 pectus,
340 1943 362 1978 et
370 1949 430 1988 purae
438 1948 526 1976 manus:

78 1991 180 2040 Tuusqus
188 1995 263 2029 venter
271 1990 413 2035 Pactumeius,
426 1992 448 2028 et
456 1992 493 2027 tuo

78 2042 158 2081 cruors
166 2042 240 2081 rubros
248 2041 350 2081 obstetrix
356 2050 438 2090 pannos
443 2038 502 2086 lavit,

79 2092 194 2142 Utcunque
202 2092 263 2132 fortis
270 2091 343 2132 exsilis
350 2099 462 2141 puerpera.
