1504 2564
177 180 338 221 CARMINUM
351 181 407 221 ΠΒ.
421 180 464 220 111.
594 183 619 222 tt

70 298 174 338 Somnum
181 297 289 336 reducent
316 296 407 336 Somnua
414 296 528 346 agrestium

69 348 135 388 Lenia
142 347 236 387 virorum
243 358 287 386 non
293 346 386 386 humiles
393 348 467 388 domos

95 398 193 444 Fastidit,
201 398 349 438 umbroaamve
356 399 431 448 ripam,

122 450 172 488 Non
180 448 283 498 Zephyria
291 450 370 497 agitata
378 449 465 498 Tempe.

69 500 234 540 Deaidemutem
241 500 299 548 quod
305 499 357 538 aatia
365 502 403 546 eat,
412 510 482 549 neque

69 550 236 591 uumultuoaum
244 549 344 589 aollioitat
353 560 419 596 mare,

94 601 142 642 Neo
150 611 220 640 aoevua
228 601 313 639 Arcturi
320 600 415 640 cadentia

120 652 225 701 impetui,
233 654 271 689 aut
278 651 365 690 orientia
375 650 451 690 Haedi:

68 702 120 742 Non
127 702 244 742 verberam
252 701 437 750 grandineum,

68 753 185 794 Funduave
194 752 292 798 mendax,
302 752 376 790 arbore
384 762 441 791 nuno
452 761 518 802 aquae

93 802 208 863 culpante,
216 813 274 842 nuno
281 802 384 841 torrentia
391 812 451 850 agros

121 854 203 899 sidera,
211 863 269 892 nuno
276 853 358 892 hiemes
366 853 457 900 iniquae.

67 904 184 943 contracta
205 903 260 943 leoea
268 913 355 952 aequora
363 902 458 942 sentiunt

67 955 138 994 Jaotie
145 955 169 993 iu
178 915 246 992 artum
253 954 345 993 molibua
354 966 359 991 ι
376 952 420 991 huo
429 952 529 1002 frequent

94 1005 205 1045 crementa
213 1005 306 1043 demittit
312 1005 419 1043 redemtor

121 1055 176 1094 cum
183 1054 276 1101 lamulia
285 1054 426 1102 dominuaque
434 1056 495 1094 terrae

69 1106 213 1148 Fastidioeua:
231 1106 268 1145 aed
277 1105 349 1144 mmor
357 1109 379 1142 et
387 1104 453 1143 Mine}

69 1157 184 1198 §cendunt
192 1157 273 1202 eodem,
297 1166 326 1194 uo
333 1154 444 1202 dominuat
454 1166 523 1206 neque

10 1226 11 1229 ¹
94 1207 260 1248 Deoeditaerata
294 1206 352 1252 remi,
362 1210 384 1244 et

121 1258 172 1297 Poat
179 1257 272 1307 equitem
280 1258 340 1296 redet
347 1260 393 1296 atra
401 1256 462 1296 cura.

68 1308 133 1352 Quod
140 1308 159 1348 ei
167 1307 275 1347 dolentem
282 1319 322 1346 neo
331 1307 433 1356 Phrygius
441 1307 501 1357 lapis,

68 1360 138 1449 Ne&
179 1369 267 1398 uratum
275 1359 343 1397 eidere
351 1357 427 1396 clarior

137 1421 150 1449 e
174 1413 183 1448 t
190 1420 249 1455 uaua,
257 1419 297 1447 neo
306 1407 395 1448 Falerna

120 1460 183 1506 Vitia,
194 1459 381 1499 thaemeuiumve
388 1461 482 1499 ooatum:

70 1510 113 1550 cur
120 1510 241 1549 invidendie
249 1509 344 1560 poetilius
352 1513 374 1548 et
382 1521 437 1549 novo

69 1561 167 1601 Sublime
175 1561 219 1599 ritu
227 1559 303 1599 moliar
310 1559 402 1599 atriuml

95 1612 138 1652 Cur
145 1610 203 1650 valle
210 1614 328 1660 permutem
336 1610 415 1649 Sabina

121 1661 213 1702 Divitiae
222 1661 363 1711 operoaioreat

271 1797 330 1837 ODE
342 1796 373 1836 11.

70 1901 203 1941 uenerem
212 1900 281 1939 amice
288 1898 412 1950 pauperiem
420 1900 465 1949 pati

73 1950 182 1992 Bobuetua
190 1951 235 1990 aori
242 1950 320 1990 militia
327 1961 381 2000 puer

95 2003 220 2047 condicam
235 2005 257 2041 et
265 2001 354 2041 Parthoa
362 2001 442 2040 ierooea

121 2052 191 2092 vexet
198 2063 263 2101 equae
270 2053 397 2091 metuendus
405 2051 479 2090 baete:
505 2084 507 2087 .

72 2102 184 2153 vitamque
193 2103 233 2142 aub
241 2103 291 2142 divo
299 2103 387 2151 trepidis
395 2105 445 2150 agat

73 2152 97 2192 ln
106 2155 176 2193 rebua.
202 2153 267 2193 Illum
276 2164 304 2192 ex
311 2153 419 2191 moenibua
427 2151 513 2191 hoatiou

97 2204 195 2244 Matrona
202 2203 302 2243 bellantia
309 2203 394 2252 tyranni

121 2255 260 2305 Prospiciena,
269 2258 291 2292 et
299 2254 372 2292 adulta
381 2253 445 2301 virgo,
531 2261 545 2290 u
556 2254 567 2290 2
