1520 2572
205 203 377 244 simulavit
390 204 445 243 LIB.
460 203 478 242 1.
605 205 639 243 127

42 319 114 365 iilam,
125 317 175 358 Post
182 318 253 368 paulo,
263 320 300 358 sed
309 319 382 369 pluris,
392 320 410 358 si
418 320 494 358 exierit
502 319 539 365 vir,
604 320 640 358 lto

41 370 125 414 Gallis;
148 369 210 416 hanc,
228 369 364 410 Philodemus
385 371 422 417 ait,
441 371 488 417 sibi,
506 379 555 419 quas
572 381 640 419 nequa

93 430 172 468 magno

40 472 89 510 Stet
96 470 171 520 pretio,
181 481 249 518 neque
258 475 375 517 cunctetur,
383 483 450 522 quum
456 472 554 519 estjussa
561 472 639 510 venire.

42 521 140 609 Candida
154 525 252 569 rectaque
265 523 299 568 sit,
314 523 396 561 munda
408 522 518 569 hactenus,
533 525 639 572 utusque

102 582 164 619 0¹¹8&

43 623 89 661 Nec
96 622 164 669 magis
173 621 223 660 alba
230 621 287 667 velit,
298 633 363 670 quam
371 623 407 661 det
415 626 498 669 natura,
506 622 581 662 videri.

43 672 97 711 Haec
105 673 143 710 ubi
151 672 262 721 supposuit
269 673 344 710 dextro
351 684 426 722 corpus
434 673 488 711 mihi
495 673 580 719 laevum,

43 723 85 761 llia
92 727 115 761 et
124 722 200 770 Egeria
208 725 251 765 est;
266 722 294 760 do
301 733 379 760 nomen
387 723 498 771 quodlibet
505 723 549 762 illi:

43 774 88 812 Nec
96 784 176 817 versor,
186 783 220 817 ne,
230 772 358 816 damiatae,
367 773 400 810 vir
406 784 455 811 rurs
463 778 563 819 recurrat,

40 823 114 862 Janua
121 823 238 871 hecgstat,
246 821 309 860 latret
317 823 381 868 canis,
389 824 485 871 undique
492 835 569 873 magno

43 874 108 913 Pulsa
115 875 191 913 domus
200 873 289 920 strepitu
296 877 386 919 resonet,
395 873 501 922 vepallida
508 873 564 913 lecto

43 924 135 963 Desilist
142 923 225 968 mulier,
234 923 334 962 miseram
342 934 366 961 so
373 924 457 962 conscia
464 923 552 970 clamst;
602 927 638 964 lto

42 975 145 1014 cruribus
153 974 200 1012 haec
207 978 296 1020 metuat,
305 974 351 1012 doti
358 972 468 1022 deprensa,
477 978 561 1022 egomet
568 977 604 1014 mi.

44 1025 154 1064 Discincta
161 1024 235 1062 tunica
243 1024 369 1074 fugiendum
378 1028 410 1063 est
417 1036 442 1062 ac
451 1025 504 1073 pede
512 1025 576 1070 nudo,

44 1076 75 1115 Ns
84 1075 168 1114 nummi
176 1080 269 1124 pereant,
279 1079 317 1114 aut
324 1086 386 1124 pyga‚
395 1079 433 1113 sut
442 1074 533 1123 denique
541 1075 606 1113 lama.

44 1126 151 1177 Deprendi
157 1126 258 1165 miserum
266 1131 310 1165 est:
325 1126 391 1166 Fabio
398 1126 432 1166 vei
437 1125 510 1174 iudice
518 1126 608 1165 vincam

232 1278 339 1318 saulus
352 1279 394 1319 111.

40 1380 154 1419 Occursus
163 1378 203 1418 hoo
210 1379 285 1419 vitium
294 1383 460 1429 amoenioribus,
469 1382 525 1422 inter
532 1384 611 1423 amicos

42 1429 70 1470 lit
77 1440 188 1478 nunquam
196 1430 297 1470 inducant
305 1433 400 1472 animum
409 1439 494 1472 canore
503 1435 576 1483 rogati,

42 1480 120 1531 injussi
128 1490 239 1529 nunquam
248 1482 356 1522 desistant.
382 1485 459 1523 Sardus
467 1484 560 1524 habebat

42 1531 80 1571 Ille
88 1530 192 1580 Tigellius
199 1530 246 1570 hoo.
272 1534 347 1579 Coesar,
357 1536 394 1582 qui
401 1546 474 1583 cogere
482 1540 559 1584 posset,

41 1582 62 1620 si
69 1586 153 1632 pateret
160 1592 198 1631 per
204 1582 319 1620 amicitiam
327 1586 393 1632 patris
401 1590 464 1634 atque
472 1597 540 1633 suam,
550 1597 593 1625 non

41 1633 159 1682 Quicquam
167 1632 287 1680 proficerem
301 1634 319 1670 si
326 1633 461 1682 collibuisset,
470 1637 497 1675 ab
505 1646 544 1675 ovo

41 1682 112 1733 Usque
121 1683 150 1721 ad
158 1682 215 1721 maia
223 1682 298 1720 citaret
306 1683 330 1721 lo
339 1684 421 1724 Bacche
429 1686 434 1722 1
450 1687 513 1725 modo
521 1698 605 1725 summa

41 1732 102 1780 Voce,
111 1734 176 1772 modo
182 1733 229 1778 hac,
238 1737 322 1772 resonat
329 1745 377 1781 quae
385 1735 468 1774 chordis
477 1742 567 1785 quatuor
574 1738 625 1777 ima.

41 1783 76 1823 Nil
83 1783 353 1833 aequalehomiulfuitilii.
379 1785 439 1833 Saepe
447 1786 506 1825 velut
513 1788 550 1837 qui

40 1834 148 1880 tumebat.
157 1834 240 1882 fugiens
249 1833 338 1879 hostem,
346 1845 441 1883 persaepe
447 1837 506 1875 velut
514 1838 551 1887 qui
610 1840 633 1877 lo

39 1884 130 1925 lunonis
138 1895 199 1924 sacra
206 1885 280 1923 ferret:
296 1884 390 1923 habebat
397 1896 453 1935 saepe
461 1887 569 1934 ducentos,

39 1935 98 1985 Seps
107 1936 182 1974 decem
190 1946 271 1980 servost
286 1936 350 1974 modo
358 1941 488 1984 regeretque
497 1938 619 1985 tetrarchas,

38 1985 116 2075 Omnis?
136 1996 215 2034 magua
234 1986 333 2034 loqueum
353 1987 423 2033 modo,
443 1988 475 2026 Sit
488 1988 542 2026 mihi
559 2000 633 2029 mensa

86 2041 106 2075 tr
115 2047 153 2086 pes
162 2039 184 2075 st

38 2086 123 2126 &noha
131 2087 182 2126 salis
189 2087 243 2135 puri,
252 2090 274 2125 et
281 2090 337 2135 toga,
347 2098 395 2136 quae
404 2087 516 2127 defendere
524 2089 596 2139 frigus,

37 2136 140 2179 Quamvis
148 2148 223 2183 crassa,
233 2143 304 2187 queat·
330 2139 405 2178 Decies
413 2143 502 2178 centena
510 2140 602 2181 dedisses

37 2186 94 2227 lluic
102 2199 173 2237 parco.
183 2189 256 2238 paucis
263 2194 373 2228 contento:
388 2190 482 2239 quinque
490 2191 565 2230 diebus

38 2237 73 2277 Nil
82 2244 129 2277 arat
138 2240 159 2277 in
168 2237 250 2278 loculis.
278 2241 354 2280 Noctes
362 2240 464 2290 vigilabat
472 2241 499 2280 ad
507 2241 577 2291 ipsum

522 2307 538 2339 lt
