1520 2572
226 189 397 229 SATIRARUM
410 190 465 229 niu.
479 190 497 228 Ι.
625 193 660 230 137

58 308 158 346 setosam
166 305 314 345 laevinorum
322 306 500 355 turpaveratoris.

58 358 195 406 Campanum
203 357 225 395 in
234 357 338 402 morbum,
345 359 367 395 in
375 357 451 396 faciem
459 355 660 406 permultajoc'atus,

59 408 172 447 Pastorem
183 408 270 446 saltaret
277 409 309 446 uti
318 407 414 457 Cyclopa,
424 408 521 456 rogabat3

58 459 98 497 Nil
107 456 140 496 illi
148 456 207 496 larva
215 462 252 496 aut
260 458 344 506 tragicis
353 469 406 507 opus
415 469 460 498 esse
470 458 586 497 cothurnis.

58 508 133 548 Multa
141 508 232 548 Cicirrus
240 510 269 547 ad
276 509 329 555 baec,
339 509 438 548 donasset
443 510 517 557 jamne
526 513 624 548 catenam

59 559 94 598 Ex
103 562 152 597 voto
161 559 255 605 Laribus,
265 560 387 607 quaerebat?
408 561 476 599 scriba
484 561 542 609 quod
550 563 611 605 esset,

8 624 9 629 ¹
58 610 159 649 Deterius
168 609 235 647 nihilo
244 610 335 647 dominae
341 610 377 657 jus
385 621 437 648 esse.
465 610 562 658 Rogabat

59 660 166 708 Denique,
176 670 214 698 cur
222 670 317 708 unquam
326 659 425 707 fugissem
441 661 475 698 oui
484 661 534 699 satis
542 671 587 699 una

8 756 10 761 y
59 710 130 749 Farris
138 710 194 748 libra
201 710 261 755 foret,
269 708 343 756 gracili
351 710 387 755 sic,
396 714 482 758 tamque
490 711 581 759 pusillo?

59 761 148 799 Prorsus
154 760 249 807 jucunde
258 769 341 797 coenam
349 761 487 807 produximus
495 761 560 799 illam.
638 761 662 798 70
695 774 724 787 w»

59 811 178 899 Τευῗιὶωιιε
198 809 250 848 binc
265 814 323 847 recta
344 809 500 855 Beneventum
522 811 560 849 ubi
576 811 662 849 sedulus

127 872 189 909 ospes
604 890 607 895 .

59 912 133 956 Prene,
142 921 230 956 macros,
240 910 297 955 arsit,
307 910 358 948 dum
367 909 439 947 turdos
446 913 516 948 versat
523 910 545 947 in
554 911 615 958 igne:

60 962 118 1001 Nam
126 972 181 1009 vaga
188 972 226 1010 per
234 966 326 999 veterem
334 959 416 1008 dilapso
425 960 511 997 flamma
519 960 613 999 culinam

59 1010 159 1051 Vulcano
167 1023 273 1051 summum
282 1011 408 1060 properabat
415 1008 509 1048 lambere
517 1014 604 1049 tectum.

60 1063 165 1103 convivas
173 1062 245 1101 avidos
253 1072 337 1100 coenam
345 1071 456 1107 servosque
464 1062 563 1099 timentes

60 1114 118 1153 Tum
126 1124 206 1162 rapere,
216 1117 280 1160 atque
290 1123 364 1151 omnes
372 1112 503 1159 restinguere
512 1110 566 1149 velle
574 1111 661 1151 videres.

60 1163 142 1212 Incipit
150 1174 178 1201 ex
186 1163 223 1201 illo
230 1167 312 1202 montes
322 1162 400 1211 Apulia
408 1168 469 1200 nonos

60 1215 174 1254 Ostentare
182 1214 242 1257 mihi,
252 1225 304 1262 quos
313 1218 377 1252 torret
386 1212 497 1258 Atabulus,
507 1216 529 1250 et
536 1222 589 1261 quos

60 1265 180 1313 Nunquam
189 1275 315 1312 erepsemus,
324 1264 365 1303 nisi
373 1275 411 1302 nos
419 1264 489 1302 vicina
498 1263 576 1301 Trivici

8 1358 10 1369 Ι
59 1315 120 1354 Villa
127 1315 240 1364 recepisset
247 1315 358 1354 lacrimoso
367 1327 409 1353 non
418 1315 463 1353 sine
472 1315 537 1360 fumo,
640 1314 663 1351 80

61 1366 121 1406 Udos
129 1376 178 1405 cum
184 1365 241 1404 foliis
249 1377 318 1404 ramos
327 1370 402 1404 urente
410 1366 560 1414 camino„

60 1417 103 1456 Hic
112 1427 151 1464 ego
159 1416 283 1455 mendacem
291 1416 428 1456 stultissimus
436 1427 504 1465 usque
513 1414 607 1464 puellam
681 1424 712 1439 *r

8 1490 11 1501 ·
60 1468 96 1506 Ad
103 1467 197 1506 mediam
206 1471 290 1505 noctem
296 1471 407 1516 exspecto:
423 1478 509 1505 somnus
515 1471 587 1505 tamen
596 1465 665 1505 aufert
686 1480 707 1499 ··

61 1518 173 1557 intentum
182 1516 259 1555 Veneri
268 1529 273 1555 ι
287 1522 333 1556 tum
342 1518 451 1556 immundo
460 1518 542 1556 somnia
551 1517 598 1555 visu

61 1569 194 1607 Nocturnum
202 1571 282 1606 vestem
288 1568 403 1613 maculant,
412 1573 549 1615 ventremque
556 1568 682 1639 supino&

60 1620 159 1666 Quattuor
167 1618 216 1656 hinc
224 1618 318 1666 rapimur
326 1618 400 1665 viginti
409 1623 431 1656 et
438 1618 507 1656 millia
514 1618 592 1663 rhedis,

8 1670 9 1673 ’
62 1669 161 1709 Mansuri
169 1680 182 1706 o
197 1667 276 1716 pidulo,
287 1669 344 1715 quod
352 1679 414 1706 versu
421 1669 490 1706 dicere
499 1671 588 1714 nonest,

62 1720 132 1769 Signis
140 1729 167 1768 pe
188 1717 240 1755 acilo
249 1722 292 1756 est:
305 1718 364 1755 venit
372 1718 474 1757 vilissima
482 1728 552 1756 rerum
629 1686 655 1752 ἱ

43 1792 49 1802 ·
61 1768 104 1810 Hic
113 1780 180 1818 aquat
194 1768 231 1806 sed
239 1768 301 1817 panis
309 1766 371 1815 longe
379 1768 541 1816 pulcherrimus,
550 1767 611 1806 ultra

61 1821 157 1860 Callidus
165 1823 190 1858 ut
198 1818 265 1857 soleat
272 1818 366 1856 humeris
374 1823 457 1866 portare
465 1819 542 1862 viator;
640 1821 665 1857 90

62 1872 121 1913 Nam
129 1869 208 1910 Canusi
218 1868 331 1918 lapidosus,
341 1878 402 1916 aquae
411 1879 453 1906 non
462 1868 525 1906 ditior
533 1878 594 1913 urna,

62 1923 106 1969 Qui
114 1921 174 1959 locus
183 1931 196 1957 a
203 1918 252 1957 forti
262 1919 364 1957 Diomede
372 1923 404 1958 est
413 1919 510 1957 conditus
522 1917 580 1957 olim.

64 1972 175 2012 Flentibus
184 1970 219 2008 bic
227 1970 304 2008 Varius
313 1969 402 2008 discedit
411 1973 500 2007 moestus
509 1969 589 2008 amicis.

63 2024 117 2063 Inde
128 2022 201 2060 Rubos
209 2020 259 2059 fessi
267 2021 407 2068 pervenimus,
417 2023 490 2068 utpote
499 2019 586 2067 longum

63 2075 179 2122 Carpentes
188 2072 233 2117 lber,
244 2075 265 2110 et
272 2070 354 2109 factum
362 2070 480 2120 corruptius
488 2069 558 2108 imbri.

64 2125 153 2164 Postera
162 2126 276 2172 tempestas
284 2121 369 2166 melion
383 2123 418 2160 via
426 2123 485 2169 pejor
493 2121 520 2159 ad
528 2132 595 2170 usquc

63 2173 116 2214 llari
124 2172 205 2212 moeuia
212 2173 300 2223 piscosi:
315 2172 392 2210 debinc
401 2173 478 2211 Gnatia
486 2171 577 2220 lymphis

65 2222 128 2265 iratis
137 2227 244 2262 exstructa
253 2224 311 2262 dedit
319 2222 415 2272 risusque
421 2224 527 2272 jocosque,
