1520 2572
196 182 358 222 cultuum
371 183 426 222 ΗΒ.
441 183 478 222 lv.
618 181 642 220 ot

89 299 175 348 Fruges
183 302 206 337 et
213 298 268 346 agria
276 297 349 336 retulit
356 297 438 344 uberet,

91 350 121 389 Et
130 350 194 398 tigna
202 352 274 387 noatro
282 348 373 387 restituit
381 348 435 395 Jovi,

118 401 216 449 Derepta
225 398 350 437 Parthorum
359 400 454 449 superbia

146 450 246 489 Postibus
255 453 276 487 et
284 460 374 488 vacuum
383 450 459 489 duellia

90 500 176 539 Janum
183 500 298 546 Quirinum
306 498 376 546 cluait,
386 505 408 539 et
415 501 510 540 ordinem

91 550 189 590 Rectum
198 550 296 598 evaganti
304 549 371 589 frana
379 551 481 591 Licentiae

119 601 206 649 lm'eoit,
216 601 335 648 emovitque
343 601 423 649 culpat,

147 652 175 690 Et
183 655 266 690 veteres
273 652 380 690 revocavit
387 656 453 696 artem

91 702 135 741 Per
143 711 197 751 quaa
207 700 308 739 Latinum
316 712 393 740 nomen
402 707 425 741 et
433 701 493 742 ltalae

91 751 252 797 Creverevitea,
264 751 363 800 famaque
372 756 394 790 et
400 752 476 802 imperi

120 803 221 842 Portenta
229 812 264 839 ma
273 806 328 841 eatae
339 803 366 841 ad
374 807 444 841 ortum

146 852 201 891 Solia
209 852 237 890 ab
268 852 349 901 eaperio
357 853 431 892 cubili.

93 903 188 942 Custode
196 914 266 941 rerum
277 903 365 949 ansere,
374 915 417 942 non
424 904 482 943 fusor

93 953 169 994 Civilia
179 957 217 992 aut
224 954 256 992 via
265 955 336 1002 exiget
344 955 418 1000 otium,

120 1005 170 1043 Non
180 1004 219 1049 ira,
229 1014 277 1052 quae
285 1004 383 1053 procudit
391 1015 459 1051 ennea,

146 1055 175 1093 Et
183 1054 270 1093 miseran
278 1054 375 1094 inimicat
382 1056 452 1094 urben.

94 1104 151 1151 Non,
161 1104 199 1154 qui
207 1104 336 1153 protundum
346 1105 468 1144 Danubium
476 1105 558 1151 bibunt,

95 1156 173 1195 Edicta
180 1158 280 1203 rumpent
288 1155 353 1202 Julia,
362 1167 405 1194 non
415 1157 481 1203 Getae,

121 1207 170 1245 Non
180 1206 246 1250 Serae,
256 1205 341 1245 lnfltiive
350 1206 425 1253 Persae,

147 1257 196 1295 Non
204 1256 287 1294 Tanain
295 1267 359 1307 prope
367 1257 447 1296 flumen
455 1260 501 1297 orti.

95 1307 182 1356 quue
191 1309 213 1344 et
220 1306 317 1354 profestia
325 1307 408 1348 luoibua
419 1314 441 1348 et
448 1310 518 1355 moria,

96 1357 155 1397 Inter
160 1357 229 1406 Joooai
236 1368 325 1396 munera
335 1358 411 1405 liberi,

122 1409 175 1447 Cum
183 1406 242 1456 prole
250 1409 394 1457 matronisque
402 1411 484 1457 nostrin,

147 1459 197 1497 Rite
207 1457 263 1497 Deoa
271 1460 329 1507 priua
338 1461 451 1508 apprecati‚

97 1507 180 1548 Virtute
188 1507 279 1553 iunctos,
288 1520 346 1548 more
354 1514 444 1559 patmm,
454 1512 525 1557 duces,

97 1559 160 1609 Lydia
168 1557 260 1597 remixto
268 1560 362 1599 cannino
370 1561 435 1607 tibiis,

122 1610 250 1658 'Itojamque
259 1612 281 1646 et
289 1609 396 1650 Anchiaen
404 1619 426 1650 et
433 1611 496 1651 almae

147 1659 274 1709 Progeniem
282 1659 371 1700 Venaria
378 1672 486 1701 canemus.
