1520 2572
289 183 383 223 EPODI.

283 308 342 348 ODE
355 309 395 348 xl.

255 401 290 440 An
304 401 424 441 Psrrrsn.

37 476 119 526 Prnrr,
129 477 184 518 nihil
192 488 234 524 me,
244 478 300 517 sieut
307 482 377 525 antes,
384 480 447 527 juvat

87 529 183 569 Scribere
191 529 306 568 versiculos
314 530 391 568 Amore
399 538 523 578 percussum
530 529 599 580 gravi:

38 580 123 627 Amore,
134 581 172 628 qai
179 591 214 618 me
221 583 299 628 praeter
307 591 380 619 omnes
388 580 470 630 expetit

87 630 192 670 Mollibus
200 630 223 668 in
230 631 302 678 pueris
310 632 377 668 autin
385 630 462 679 pueffis
469 641 537 672 urere.

37 679 79 720 Hic
87 682 164 720 tertius
173 680 296 725 December.
306 692 334 719 ex
342 693 384 730 quo
393 682 464 720 destiti

87 731 178 770 Inachia
187 730 263 776 furere,
272 730 330 770 silvis
339 731 442 771 honorem
450 733 537 772 decutit.

1 789 2 796 ¹
38 780 99 821 Heu!
117 793 160 827 me,
170 792 209 831 per
216 781 290 820 urbem
298 785 358 826 (nam
366 783 433 831 pudet
440 783 495 821 tanti
502 783 563 830 mali)

88 832 172 872 Fabula
180 836 261 882 quanta
267 831 312 870 fui!
329 833 474 871 conviviorum
482 834 607 883 etpoenitet,

38 881 63 922 ln
71 883 135 933 queis
144 888 252 921 amantem
260 887 281 921 et
289 882 379 931 languor
387 887 409 922 et
417 883 525 923 silentium

1 933 2 970 ἶ
87 933 172 982 Arguit,
182 937 204 972 et
212 933 278 972 latere
285 934 364 982 petitus
373 934 415 972 imo
422 935 515 983 spiritus.

1 983 2 988 ’
38 984 145 1024 Contrane
153 984 237 1022 lucrum
245 983 276 1022 nil
286 984 356 1023 valere
365 980 492 1023 candidum'

1 1031 2 1052 ³
89 1035 137 1073 Pau
151 1034 192 1072 eris
200 1034 322 1082 ingenium?
339 1034 449 1082 querebar,
458 1035 570 1084 applorans
578 1035 625 1082 uhu

39 1084 107 1123 Simul
116 1095 128 1123 c
151 1085 206 1123 entis
215 1085 370 1123 inverecundus
381 1085 437 1122 Deus

1 1133 2 1152 ¹
88 1135 210 1174 Fervidiore
218 1146 276 1173 mero
284 1145 363 1173 arcana
370 1137 477 1183 promorat
484 1134 537 1176 loeo.

1 1199 2 1212 ¹
39 1185 426 1234 Quodsimeisinaestuatpraecordiis

87 1236 166 1275 Libera
175 1235 230 1282 bilis,
240 1240 265 1274 ut
272 1235 319 1274 hoee
327 1236 410 1284 ingrata
418 1236 486 1276 ventis
493 1236 574 1276 dividat

40 1285 149 1333 Fomenta,
157 1286 235 1325 vulnus
243 1285 274 1324 nil
282 1285 364 1325 malurn
372 1285 476 1332 levantia;

1 1339 2 1342 ’
88 1337 179 1376 Desinet
186 1337 301 1385 impetibus
309 1340 389 1376 certare
398 1338 508 1378 submotus
516 1338 592 1387 pudor.

41 1385 82 1428 Ubi
89 1387 137 1427 haee
145 1397 231 1426 severus
239 1391 260 1426 te
268 1387 339 1436 palam
347 1387 491 1435 laudaveram,

88 1438 165 1477 Jussus
173 1438 231 1476 abire
240 1438 333 1483 domum,
342 1437 425 1476 ferebar
432 1439 513 1478 incerto
521 1439 575 1489 pede

41 1488 73 1527 sd
81 1499 125 1527 non
133 1488 212 1527 amicos
220 1487 276 1526 heu!
293 1487 347 1526 mihi
355 1493 431 1537 postes,
440 1495 463 1529 et
469 1490 524 1529 heu!

2 1544 3 1595 1
87 1539 173 1598 Limina
183 1539 243 1598 dura,
252 1539 329 1598 quibus
338 1538 422 1600 lumbos
431 1545 453 1579 et
460 1540 536 1590 infregi
543 1539 606 1580 latus.

2 1620 3 1679 t
42 1587 560 1690 Hunzfigffiffitfflffiaaffalurb33ffi3fflnen

2 1686 3 1729 1
21 1718 25 1726 .
43 1688 102 1730 Unde
110 1690 212 1740 expedire
220 1700 263 1729 non
274 1690 391 1729 amicorum
400 1696 479 1740 queant

2 1784 3 1791 χ
88 1741 166 1781 Libera
173 1740 267 1786 consilia,
276 1752 316 1779 nec
324 1741 460 1780 contumelia
467 1752 552 1790 gressu

42 1792 81 1832 ssd
88 1791 143 1832 altus
152 1792 221 1838 ardor,
232 1795 271 1831 aut
278 1791 357 1840 puellae
365 1792 468 1837 candida,

2 1828 6 1857 ¹
88 1845 132 1883 sut
140 1843 212 1883 teretis
221 1843 289 1892 pueri,
298 1842 385 1891 longam
392 1841 514 1880 renodantis
522 1851 611 1881 comam.

272 1971 331 2010 ODE
343 1969 396 2008 XII.

44 2073 102 2118 Quru
108 2073 149 2111 uni
156 2074 195 2119 ris,
204 2071 283 2112 mulier
290 2070 356 2119 nigris
365 2070 490 2119 dignissima
497 2073 563 2113 barris
571 2075 579 2112 t

90 2122 180 2162 Munera
187 2134 226 2163 cur
234 2121 294 2167 mihi,
304 2121 382 2170 quidve
391 2121 480 2161 tabellas

46 2171 115 2218 Mittin,
123 2183 162 2212 nse
170 2171 318 2221 firmojuveni,
326 2182 396 2220 neque
404 2174 461 2211 naris
470 2173 539 2213 obesse
546 2175 554 2213 t

91 2223 188 2273 Namque
197 2224 294 2271 sagacius
302 2233 359 2262 unus
368 2223 449 2269 odoror,
