1520 2572
203 205 377 246 SATIRARUM
391 206 447 245 LlB.
460 207 479 245 l.
606 209 641 246 139

44 320 146 366 Pellibus,
156 324 178 359 et
184 320 252 360 latum
260 321 346 360 demisit
352 327 436 371 pectore
445 321 540 366 clavum

43 372 112 410 Audit
127 371 234 460 continuo,
251 372 303 413 Quis
318 372 382 411 homo
398 373 439 420 hic,
461 377 499 412 aut
519 383 562 421 quo
582 377 642 422 patre

94 425 157 460 natus
514 452 515 459 ,

43 472 79 518 Ut,
89 473 108 511 si
116 473 153 520 qui
160 476 252 520 aegrotet,
262 484 305 522 quo
313 475 387 513 morbo
398 474 481 520 Barrus,
491 474 566 513 haberi
616 475 642 513 30

43 522 72 561 Et
80 524 153 571 cupiat
161 523 269 569 formosus,
279 528 314 562 eat
322 535 455 574 quacunque,
464 525 541 574 puellis

42 573 131 621 lnjiciat
138 585 210 612 curam
218 575 432 624 querendi·singula;
448 576 507 625 quali

42 623 75 661 sit
82 623 143 669 facie,
152 634 207 668 sura,
216 623 275 672 quali
284 626 343 673 pede,
353 627 422 671 dente,
432 626 520 675 capillo:

42 674 83 720 Sic,
94 674 131 722 qui
139 674 248 723 promittit,
258 675 320 719 cives,
329 676 403 713 urbem
411 677 452 715 sibi
460 688 523 724 cnrae,

3 746 4 753 ,
42 724 159 773 Imperium
167 725 218 770 fore,
228 728 250 762 et
258 724 349 770 Italiam,
359 729 381 763 et
389 726 476 765 delubra
485 729 589 774 Deorum;

42 775 90 821 Quo
97 779 158 823 patre
166 776 193 813 sit
201 778 270 819 natus,
280 785 332 813 num
342 776 413 824 ignota
422 782 489 816 matre
496 779 627 825 inhonestus,

42 825 121 864 Omnes
129 824 228 863 mortales
237 836 310 863 curare
318 830 340 863 et
348 836 442 874 quaerere
450 828 511 876 cogit.

41 875 103 914 Tune
113 876 165 924 Syri,
178 876 259 921 Damoe,
269 879 306 913 aut
315 876 403 924 Dionysi
411 877 474 921 lilius,
484 879 549 917 audes

41 926 139 975 Dejicere
147 937 159 964 e
167 937 219 965 saxo
227 927 289 971 cives,
299 931 337 964 aut
344 927 426 965 tradere
435 928 514 966 Cadmo
522 929 530 966 i

41 977 71 1014 At
80 977 162 1015 Novius
170 977 250 1025 collega
258 977 324 1024 gradu
333 981 422 1026 postne
431 978 490 1016 sedet
496 989 551 1023 uno;
615 981 641 1017 40

41 1027 186 1116 Namqugssest
198 1027 241 1073 ille,
256 1031 316 1076 pater
329 1028 386 1076 quod
397 1031 444 1065 erat
455 1037 522 1066 meus.
548 1027 594 1067 Hoc
602 1030 641 1067 tibi

94 1078 125 1115 Pa
157 1088 189 1122 us,

41 1128 70 1167 Et
80 1127 173 1167 Messala
181 1128 270 1166 videris?
296 1132 319 1166 at
325 1127 367 1174 hic,
377 1127 395 1166 si
402 1127 481 1177 plostra
490 1128 587 1173 ducenta,

3 1224 4 1229 ¹
40 1180 214 1227 Concurruntque
222 1178 267 1216 foro
274 1179 316 1216 tria
323 1179 405 1224 funera,
415 1189 493 1226 magna
500 1179 590 1223 sonabit,

40 1230 126 1268 cornua
133 1229 191 1276 quod
196 1229 308 1277 vincatque
317 1229 390 1268 tubas:
404 1228 479 1267 saltem
486 1229 640 1268 tenethocnos.

40 1280 105 1319 Nunc
115 1280 143 1317 ad
150 1289 185 1316 me
192 1281 255 1318 redeo
263 1279 362 1318 libertino
370 1284 429 1329 patre
437 1285 518 1325 natum,

40 1331 109 1372 Quem
118 1330 197 1368 rodunt
204 1340 277 1369 omnes
284 1330 383 1370 libertino
391 1336 544 1380 patronatum:

40 1382 111 1425 Nunc,
121 1380 172 1428 quia
179 1391 227 1418 sum
234 1381 279 1426 tibi,
292 1382 404 1428 Maecenas,
414 1383 520 1421 convictor
526 1394 531 1429 ;
550 1385 572 1421 at
581 1381 639 1427 olim,

39 1431 103 1477 Quod
111 1430 165 1468 mihi
173 1436 255 1478 pareret
262 1431 317 1481 legio
327 1433 424 1472 Romana
431 1433 524 1472 tribuno.

39 1481 150 1521 Dissimile
156 1481 198 1531 lico
206 1482 238 1519 illi
246 1488 288 1521 est:
302 1484 353 1531 quia
362 1495 411 1529 non,
421 1488 446 1522 ut
453 1484 513 1522 forsit
521 1484 622 1522 honorem

39 1533 91 1571 Jure
100 1531 154 1569 mihi
161 1532 256 1570 invideat
263 1534 338 1581 quivis,
348 1535 378 1572 ita
386 1539 407 1572 te
414 1545 498 1583 quoque
506 1536 605 1580 amicum,
615 1535 639 1571 ⁵⁰

39 1583 162 1622 Praesertim
169 1586 256 1620 cautum
265 1584 339 1631 dignos
345 1595 457 1630 assumere,
467 1595 532 1633 prava

38 1632 163 1673 Ambitione
171 1632 251 1681 procul.
278 1633 369 1672 Felicem
377 1634 447 1672 dicere
456 1645 498 1673 non
506 1634 547 1673 hoc

38 1684 76 1723 Me
83 1687 179 1733 possunt,
189 1693 240 1720 casu
248 1683 304 1730 quod
313 1687 333 1721 te
342 1684 427 1723 sortitus
435 1685 538 1723 amicum:

38 1734 106 1774 Nulla
114 1733 194 1772 etenim
203 1733 241 1770 tibi
249 1744 283 1771 me
291 1733 333 1772 lora
342 1734 430 1778 obtulit;
446 1734 537 1782 optimus
546 1734 598 1772 olim

39 1784 147 1834 Virgilius,
156 1782 268 1832 posthunc
278 1783 359 1829 Varius,
369 1784 442 1822 dixere
450 1784 502 1832 quid
510 1794 583 1823 essem.

38 1835 68 1875 Ut
75 1835 126 1874 veni
134 1844 212 1879 coram,
222 1832 331 1881 singultim
339 1845 407 1882 panca
415 1834 505 1880 locutus,

37 1886 123 1931 (Infans
132 1895 224 1932 namque
232 1884 301 1932 pudor
308 1884 434 1932 prohibebat
441 1884 503 1934 plura
511 1884 606 1934 profari)

37 1937 86 1976 Non
95 1947 135 1984 ego
142 1946 177 1972 me
186 1934 242 1973 claro
250 1939 324 1973 natum
332 1939 398 1983 patre,
407 1946 450 1973 non
458 1946 497 1983 ego
505 1935 584 1974 &rcum

37 1987 74 2027 Me
83 1987 210 2025 Satureiano
218 1985 297 2024 vectari
305 1996 354 2024 rura
362 1985 451 2031 caballo,

37 2037 84 2084 Sed,
95 2037 154 2085 quod
162 2047 226 2082 eram,
236 2046 308 2074 narro:
323 2037 436 2085 respondes
444 2036 478 2084 (ut
486 2040 536 2076 tuus
544 2041 576 2075 est
584 2037 639 2083 mos)

37 2088 123 2128 Pauca:
144 2087 208 2132 abe03
230 2091 252 2125 et
267 2098 352 2127 revocas
369 2096 426 2126 nono
440 2093 487 2137 post
505 2098 585 2135 mense,
603 2089 639 2137 ju-

88 2139 170 2186 besque
614 2140 637 2178 61

38 2189 89 2228 Esse
97 2189 121 2227 in
130 2188 246 2226 amicorum
255 2199 351 2228 numero.
371 2189 473 2238 Magnum
480 2188 521 2227 hoc
529 2200 567 2237 ego
576 2191 637 2236 duco,

37 2239 99 2281 Quod
108 2237 179 2288 placui
187 2238 233 2286 tibi,
242 2239 279 2289 qui
288 2240 345 2288 turpi
352 2240 443 2280 secernis
451 2239 569 2287 honestum,
