1504 2564
115 180 140 218 62
277 178 302 220 Q
311 174 435 229 nonnul
446 174 544 214 unnccl

165 294 226 341 Quae,
235 291 294 332 velut
301 292 350 331 ictis
356 302 413 339 equa
420 290 483 329 trima
491 291 577 340 campis,

165 345 229 383 Ludit
237 343 338 382 exsultim
345 342 464 390 metuitque
472 342 537 390 tangi,

165 395 293 444 Nuptiarum
300 403 383 442 expers,
392 395 413 429 et
421 391 491 430 adhuc
498 396 595 442 protervo

329 442 488 481 crudsmsrito.

166 495 199 535 Tu
206 498 268 544 potes
276 494 339 542 tigres
347 493 476 541 comitesque
485 492 548 532 silvas

167 547 256 591 Ducere,
266 547 288 582 et
295 544 350 583 rivos
360 543 439 582 celeres
447 543 533 582 morari.

166 596 232 636 cessit
240 595 338 634 immanis
347 594 386 633 tibi
395 593 513 633 blandienti

327 644 410 684 Janitor
418 644 479 691 culm,

164 697 277 736 cerberum:
292 695 388 746 quamvis
397 694 481 733 Furiuie
489 697 575 733 centum

165 747 265 788 Munius
273 757 352 795 angues
362 749 427 795 caput
434 747 487 795 ejus,
497 749 562 795 atque

164 798 254 848 Spiritus
262 801 316 837 teter
322 797 434 845 saniesque
442 799 516 836 menet

326 848 367 885 Ore
375 847 478 895 trilingui.

79 914 85 932 ι
164 899 222 941 Quin
229 903 251 937 et
258 898 320 937 ixion
329 897 443 947 Tityosque
450 895 512 936 vultu

164 949 221 989 Risit
225 949 303 988 invito:
313 949 372 988 stetit
379 958 434 986 urna
440 947 537 997 paullum

164 1000 230 1047 Sicos,
239 1001 291 1039 dum
298 1003 358 1049 grato
367 998 436 1036 Danai
444 997 527 1047 puellos

326 1050 423 1088 cennine
431 1047 518 1087 mulces.

164 1101 245 1140 Audiat
252 1100 309 1150 Lyde
318 1099 387 1139 scelus
395 1104 459 1148 atque
467 1102 528 1138 notas

165 1151 276 1200 virginum
283 1160 364 1200 poenas,
374 1154 396 1188 et
402 1150 466 1188 inane
474 1149 567 1199 lymphae

165 1201 251 1242 Donum
259 1201 326 1241 fundo
334 1201 442 1250 pereuntis
450 1200 499 1247 imo,

327 1251 419 1299 seraque
427 1251 477 1299 ieta,

164 1304 218 1351 Qum
225 1303 313 1342 monent
321 1301 393 1350 culpas
401 1302 466 1340 etium
474 1301 515 1340 sub
523 1299 583 1339 Orco.

164 1353 246 1403 impiae,
255 1363 306 1393 nam
314 1352 366 1400 quid
373 1356 461 1401 potuere
468 1352 553 1401 majus?

164 1404 240 1455 lmpiae
248 1413 335 1453 sponsos
343 1407 431 1451 potuere
439 1403 492 1441 duro

327 1453 417 1492 Perdere
425 1453 487 1491 feno.

166 1504 215 1544 Uno
223 1504 250 1543 de
258 1503 338 1550 multis,
347 1502 393 1542 fece
401 1502 492 1552 nuptiali

186 1555 191 1565 “
222 1565 240 1602 a,
250 1555 359 1605 perjurum
366 1554 408 1593 fuit
415 1555 438 1592 in
446 1556 555 1602 parentem

164 1606 193 1656 Sp
202 1606 279 1646 endide
286 1605 386 1650 mendax,
396 1607 418 1642 et
425 1605 447 1643 in
456 1614 518 1642 omne
526 1603 584 1651 virgo

327 1654 410 1694 Nobilis
417 1665 494 1694 aevum.

164 1706 236 1757 Surge,
249 1716 298 1756 quse
306 1705 361 1744 dixit
366 1705 440 1753 juveni
448 1705 531 1751 marito,

164 1758 236 1807 Surge,
245 1768 273 1796 ns
281 1755 357 1804 longus
364 1755 405 1795 tibi
414 1766 506 1801 somnus,
516 1754 574 1793 unde

164 1808 214 1848 Non
221 1808 290 1855 times,
300 1807 372 1850 netum
382 1817 478 1845 socerum
486 1810 508 1843 et
513 1803 613 1844 scelestes

326 1856 385 1896 Falle
393 1867 483 1901 sororem

163 1909 224 1956 Qum,
233 1907 292 1957 velut
299 1911 367 1946 nocem
375 1906 453 1946 vitulos
461 1907 542 1953 leaenae,

163 1960 185 1998 8¹
238 1971 267 2006 os,
276 1956 342 1998 ehcui
355 1957 456 1996 lacerent
483 1956 528 2005 Ego
535 1954 579 1995 illis

164 2011 201 2049 Mo
220 2011 256 2056 'or,
265 2021 305 2048 nec
313 2008 423 2053 tesceiam,
433 2007 563 2055 usqueintra

325 2058 421 2099 claustra
428 2057 511 2103 tenebo,

164 2109 201 2149 Mc
209 2113 269 2160 peter
276 2108 338 2148 suevis
348 2113 421 2146 oneret
427 2109 513 2153 catenis,

165 2161 226 2205 Quod
234 2161 279 2199 viro
287 2159 379 2197 clemens
387 2158 464 2197 misero
476 2157 560 2207 peperci
569 2169 573 2194 ε

166 2210 201 2250 Me
208 2210 242 2250 vei
250 2214 356 2249 extremos
365 2208 507 2247 Numidarum
514 2209 538 2247 in
547 2218 606 2255 agros

325 2259 395 2298 Classe
403 2257 486 2307 releget.
