1562 2568
194 224 398 264 EPISTOLARUM
412 224 459 263 LIB
474 226 493 264 1.
607 229 642 265 185

43 342 85 388 Qui
94 341 185 380 domitor
193 340 269 389 Trojae,
279 341 394 380 multorum
403 341 502 390 providus
511 342 573 380 urbes

44 393 72 431 Et
82 402 152 430 mores
160 391 271 430 hominum
279 392 382 441 inspexit:
396 391 507 441 latumque
516 403 554 441 per
562 403 641 441 aequor,

43 443 101 482 Dum
109 443 157 486 sibi,
167 443 218 480 dum
226 442 288 481 sociis
296 443 388 481 reditum
395 446 462 492 parat,
472 454 546 492 aspera
554 443 622 482 multe

42 492 140 538 Pertulit,
151 493 243 531 adversis
252 504 322 532 rerum
331 493 479 532 immersabilis
487 494 558 533 undis.

42 545 143 583 Sirenum
151 554 213 582 voces
221 548 243 581 et
251 544 317 582 Circes
325 544 402 592 pocula
410 545 477 588 nostl;

42 595 97 641 Quae
106 595 182 633 sicum
190 594 251 633 sociis
259 594 336 632 stultus
345 595 476 643 cupidusque
484 595 579 640 bibisset,

42 647 89 684 Sub
97 644 184 683 domina
191 644 301 682 meretrice
309 644 384 683 luisset
391 645 458 694 turpis
467 649 489 683 et
499 656 579 692 excors,

42 696 138 735 Vixisset
145 695 204 734 canis
211 695 341 738 immundus,
349 694 383 732 vel
392 695 514 734 amiculuto
522 707 565 735 sus.

42 747 88 785 Nos
97 756 198 784 numerus
206 756 286 790 sumus,
295 748 317 782 et
324 745 394 793 fruges
404 756 526 784 consumere
533 748 585 793 nati,

41 796 120 846 Sponsi
130 795 248 844 Penelopae,
259 794 382 840 nebulones,
393 794 525 844 Alcinoique,

41 848 68 886 ln
78 851 128 885 cute
136 847 231 884 curanda
238 845 287 894 plus
295 856 358 894 aequo
366 850 452 897 operato
458 847 565 894 juventus,

41 898 82 937 Cui
90 896 203 946 pulchrum
211 896 253 934 fuit
261 896 283 934 in
292 896 373 934 medios
381 897 471 934 dormire
480 896 532 942 dies,
540 902 562 935 et
618 900 642 937 ³⁰

40 949 78 988 Ad
86 948 198 996 strepitum
206 947 293 985 cithares
301 951 406 985 cessatum
415 947 491 984 ducere
499 957 578 985 curam.

41 999 72 1038 Ut
76 997 178 1047 jugulent
184 998 288 1042 homines,
297 1001 387 1045 surgunt
395 997 421 1034 de
430 1000 490 1035 nocte
498 996 602 1043 latronem

40 1050 71 1088 Ut
80 1053 101 1087 te
110 1049 180 1097 ipsum
188 1059 265 1093 serves,
273 1059 316 1086 non
324 1046 486 1096 expergiscor-isi
500 1048 566 1096 siqui,

42 1100 65 1138 Si
73 1099 134 1138 noles
143 1110 213 1142 sanus,
223 1109 294 1138 curres
300 1098 441 1147 hydropicus:
456 1102 484 1143 et,
494 1098 518 1135 ni

41 1151 120 1189 Posses
129 1153 179 1187 ante
187 1149 243 1188 diem
250 1149 329 1188 librum
338 1160 387 1187 cunr
396 1147 483 1194 lumine,
492 1148 562 1187 sinon

40 1201 145 1240 Intendes
153 1199 249 1238 animum
257 1200 333 1238 studiis
341 1204 363 1238 et
369 1200 432 1238 rebus
440 1198 541 1244 honestis,

40 1251 129 1291 Invidia
136 1250 170 1288 vel
178 1261 249 1289 amore
257 1250 308 1299 vigil
315 1251 446 1299 torquebere.
473 1250 494 1288 N
494 1260 529 1287 am
537 1260 581 1295 cur,

40 1303 96 1350 Quae
104 1301 188 1340 laerlunt
195 1298 288 1347 oculum,
297 1300 384 1340 festinas
393 1301 487 1345 semem
502 1300 580 1348 siquid

41 1354 82 1393 Est
89 1351 192 1396 animum,
202 1351 273 1390 differs
281 1352 370 1390 curandi
377 1355 461 1400 tempus
469 1351 492 1389 in
500 1353 596 1389 annum?

41 1403 163 1442 Dimidium
170 1401 228 1447 facti,
237 1403 274 1450 qui
283 1403 353 1451 ooepit,
362 1402 437 1440 habet:
453 1412 526 1450 sapere
535 1402 602 1448 aude;
617 1402 642 1440 40

40 1453 129 1502 Incipe:
143 1451 181 1501 qui
188 1457 245 1490 recte
253 1452 443 1501 vivendiprorogat
450 1452 531 1497 boram,

41 1503 146 1543 Rusticus
154 1506 268 1550 exspectat,
278 1504 330 1542 dum
338 1504 418 1542 defluet
424 1504 503 1547 smnis;
518 1508 541 1541 st
548 1502 585 1541 ille

40 1554 138 1599 Labitur,
148 1556 169 1591 et
177 1552 261 1591 labetur
268 1553 291 1592 in
299 1564 362 1592 omne
370 1553 468 1593 volubilis
476 1564 553 1592 aevum.

41 1604 151 1651 Quaeritur
159 1607 275 1651 argentum,
285 1604 398 1652 puerisque
407 1605 469 1643 beate
477 1604 573 1642 creandis

41 1655 108 1701 Uxor,
119 1658 141 1692 et
148 1653 236 1692 incultae
244 1658 347 1701 pacantur
354 1665 438 1692 vomere
449 1654 515 1693 silvae.

42 1705 105 1748 Quod
112 1705 163 1744 satis
172 1707 211 1748 est,
220 1704 256 1742 cui
264 1704 357 1752 contigit,
367 1704 402 1742 hic
410 1705 464 1742 nihil
473 1703 563 1753 amplius
572 1708 636 1752 optet.

42 1756 92 1796 Non
100 1757 176 1795 domus
185 1758 206 1792 et
213 1753 299 1797 fundus,
310 1764 353 1792 non
361 1755 409 1792 aeris
418 1766 505 1793 acervus
514 1759 536 1793 et
545 1755 592 1792 auri

42 1807 130 1855 AEgroto
138 1805 220 1844 domini
229 1804 318 1842 deduxit
327 1815 412 1853 corpore
421 1805 496 1849 febres,

42 1858 92 1897 Non
100 1856 173 1895 animo
181 1865 249 1895 curas.
276 1855 351 1893 valeat
359 1865 466 1903 possessor
474 1858 561 1903 oportet,

28 1922 30 1925 ·
42 1909 64 1947 Si
72 1908 209 1956 comportatis
218 1906 281 1944 rebus
289 1906 343 1943 bene
352 1904 430 1952 cogitat
437 1904 475 1943 uti.
617 1907 642 1943 50

42 1959 84 2005 Qui
94 1957 160 2006 cupit,
173 1961 210 1996 sut
218 1956 300 2002 metuit,
310 1957 371 2004 juvat
377 1955 439 1994 illum
447 1955 477 1993 sic
486 1955 561 1994 domus
569 1959 591 1994 et
601 1966 641 2001 res,

42 2010 73 2049 Ut
80 2009 164 2058 lippum
172 2008 235 2057 pictae
244 2006 330 2051 tabulae,
339 2006 434 2044 fomenta
443 2004 565 2054 podagrum,

42 2058 156 2099 Auriculas
165 2058 251 2096 citherae
260 2057 349 2096 collecta
357 2057 417 2096 sorde
426 2056 528 2096 delentes.

42 2112 154 2150 Sincerum
160 2114 194 2148 cst
201 2109 241 2147 nisi
249 2119 292 2152 vas,
302 2109 443 2157 quodcunque
451 2107 547 2146 infundis
556 2108 639 2148 acescit.

42 2162 125 2211 Sperne
131 2160 262 2209 voluptates:
276 2163 339 2197 nocet
346 2162 404 2198 emta
412 2159 483 2199 dolore
491 2158 595 2208 voluptas.

42 2213 131 2260 Semper
138 2220 214 2249 svsrus
222 2213 281 2259 eget:
294 2214 375 2250 certum
383 2215 431 2249 voto
439 2213 487 2260 pete
495 2209 566 2250 linem.

42 2262 134 2303 Invidus
140 2261 227 2301 ulterius
235 2261 346 2302 macrescit
352 2261 415 2301 rebus
426 2261 502 2312 opimis
510 2273 515 2300 z
