1562 2568
135 193 171 230 ibt
294 192 319 232 0.
334 188 459 229 nouam
476 189 576 229 Flacci

139 305 224 346 Invidia
231 305 297 346 Siculi
305 317 348 346 non
356 306 455 344 invenere
465 307 551 353 tyranni

139 357 210 405 Maius
218 361 354 396 tormentum.
380 357 422 401 Qui
430 367 473 394 non
480 356 627 395 moderabitur
633 356 680 402 irre,

139 407 246 446 iniectum
254 408 311 446 volet
318 417 370 451 esse,
378 406 437 444 dolor
446 407 503 455 quod
511 406 605 445 suaserit
610 411 634 445 et
639 418 709 455 mens,

139 458 197 496 Dum
205 467 278 506 poenas
286 457 335 496 odio
343 468 381 506 per
389 457 432 495 vim
440 456 527 496 festinat
535 456 611 495 inulto.
716 459 740 497 61

140 508 175 546 lro
182 508 240 546 furor
249 508 317 546 brevis
325 512 369 546 est:
384 508 479 545 animum
488 518 544 555 rege:
561 508 604 554 qui.
615 507 656 546 uisi
666 514 735 557 paret,

139 558 244 606 Imperat:
261 558 319 596 huno
326 557 398 602 frenis,
405 558 463 596 huno
471 562 495 596 tu
503 568 613 606 compesce
621 563 707 597 eatena.

139 608 210 656 Fingit
217 619 296 656 equum
303 612 377 647 tenera
385 608 474 646 docilem
483 607 563 646 cervice
571 608 673 656 magister

140 659 174 697 lre
181 658 238 696 viam
247 669 289 707 qna
295 662 397 697 monstret
404 670 476 707 eques.
503 658 624 703 venaticus,
633 669 663 697 ex
671 670 716 708 quo

139 709 242 757 Tempore
251 710 357 748 cervinam
366 708 444 758 pellem
453 709 538 747 latravit
547 709 569 746 in
578 708 635 753 auia,

140 759 221 797 Militat
229 760 251 797 iu
261 759 320 798 silvis
328 759 418 798 catulus.
445 759 507 798 Nunc
516 759 592 797 adhibe
601 769 655 807 puro

140 809 226 848 Pectore
234 811 299 848 verba
306 821 365 859 puer,
376 821 433 848 nune
440 814 462 849 te
473 809 595 849 melioribus
603 809 663 848 offer.

140 860 187 901 Quo
195 860 261 899 semel
269 866 301 900 est
308 862 391 899 imbuta
400 871 480 905 recens,
489 860 581 899 servabit
589 861 677 899 odorem

140 911 203 949 Testa
211 912 255 949 diu.
282 911 362 957 Quodsi
370 921 444 955 cessas.
454 914 597 949 autstrenuus
605 911 682 956 nutele,
717 910 741 949 lu

35 984 40 993 ι
101 1000 109 1031 3
141 961 186 1001 Neo
194 962 278 1001 tardum
287 963 388 1011 opperior¹
398 973 438 1000 nee
447 961 617 1011 precedentibus
626 962 689 1000 insto.

8 1066 10 1117 k
48 1113 222 1235 ΜΗ)
342 1136 480 1176 amsrons
494 1136 537 1175 111.

308 1238 343 1277 An
357 1237 449 1277 Junruu
465 1237 572 1276 Proitou.

142 1313 197 1361 duur
207 1313 273 1357 Flore,
283 1314 360 1364 quibus
370 1318 473 1351 terramm
481 1312 559 1351 militet
566 1312 608 1351 oris

141 1364 249 1410 Claudius,
260 1365 349 1412 Augusti
357 1364 471 1412 privignus.
481 1364 534 1401 scire
543 1363 623 1402 laboro.

141 1414 252 1453 Thracane
259 1426 302 1459 vos,
313 1414 439 1462 Hebrusque
448 1413 512 1452 nivali
521 1414 623 1461 compede
632 1414 725 1461 vinetus,

142 1464 176 1503 An
184 1465 239 1503 freta
247 1465 327 1503 vicinas
335 1463 505 1503 intercurrentis
513 1468 588 1509 turres,

143 1516 177 1554 An
185 1516 274 1564 pingues
283 1515 340 1554 Asioe
348 1516 417 1564 campi
425 1514 666 1563 collesquemoranturi

142 1566 199 1612 Quid
213 1565 307 1604 studiosa
321 1565 395 1604 cohors
408 1576 496 1614 operum
509 1566 586 1604 stmitt
599 1564 648 1604 haee
656 1576 742 1615 quoque

192 1626 254 1660 curo3

142 1667 195 1712 Quis
203 1666 243 1705 sibi
251 1677 284 1705 res
292 1669 361 1714 gestu
370 1666 460 1714 Augusti
468 1665 559 1704 seribere
567 1666 646 1709 sumiti

144 1716 204 1755 Bella
212 1717 260 1765 quis
268 1721 290 1754 et
296 1728 358 1765 paces
364 1716 451 1764 longum
460 1716 560 1754 diffundit
567 1717 590 1754 in
598 1718 686 1756 aevuml

143 1767 200 1812 Quid
209 1768 283 1807 Titius.
294 1767 390 1806 aomina
397 1766 456 1805 brevi
464 1771 566 1805 venturus
574 1767 597 1804 in
605 1778 650 1814 ora,

143 1818 250 1856 Pindauci
258 1818 321 1856 fontis
327 1818 364 1866 qui
371 1829 414 1855 non
422 1816 527 1865 expalluit
534 1817 631 1864 haustus,
721 1819 744 1857 10
772 1832 773 1841 ’

143 1868 246 1907 Fastidire
253 1867 319 1907 lacus.
329 1873 351 1906 et
359 1869 413 1906 rivos
421 1879 485 1906 ausus
493 1868 589 1916 apertos?
699 1887 701 1891 ·

144 1919 173 1958 Ui
181 1919 251 1957 valeti
264 1923 289 1957 ut
297 1918 395 1957 meminit
402 1919 480 1957 nostrii
497 1918 602 1957 fidibusne.
611 1918 695 1958 Latinis

143 1969 256 2007 Tbebanos
264 1974 336 2017 aptare
344 1970 417 2008 modos
426 1969 503 2008 studet.
512 1970 598 2017 auspice
608 1968 686 2009 Musei

144 2019 178 2056 An
186 2019 265 2066 tragica
273 2019 360 2057 desaevit
367 2025 389 2057 et
396 2018 526 2067 ampullatur
533 2020 555 2057 in
564 2021 623 2057 arte?

144 2068 201 2113 Quid
212 2068 266 2156 ιιιέὴὶ
279 2068 351 2108 Celsus
363 2071 420 2118 agiti
439 2070 532 2109 monitus
549 2069 688 2120 multumque
701 2079 744 2110 mo·

193 2128 235 2155 nen
250 2129 282 2162 us,
609 2154 611 2160 .

144 2167 239 2206 Privatae
246 2171 271 2206 ut
279 2174 361 2216 quierat
368 2181 425 2218 opes,
434 2174 456 2208 et
463 2173 550 2217 tangere
558 2169 611 2208 vitet

144 2217 231 2266 Scripta.
242 2216 350 2257 Palatinus
359 2230 493 2270 quaeeunque
501 2220 581 2270 recepit
590 2220 680 2270 apellet
