1520 2572
103 209 128 247 84
241 208 267 249 Q·
281 207 405 247 HORATII
418 206 517 247 Funch

346 357 405 397 ODE
417 357 455 397 IV.

308 460 384 500 Dsnsn
393 460 496 499 Leones.

154 538 257 583 Quintus
265 536 386 575 ministrum
394 536 489 575 fulminis
497 535 577 583 alitem,

153 587 201 635 (Cui
209 598 247 625 rex
256 587 349 625 Deorum
356 598 445 635 regnum
453 587 475 625 ln
483 598 533 626 eves
539 598 603 636 vegas

179 637 282 683 Permisit,
291 641 391 686 expertus
398 637 483 676 fidelem

203 688 287 737 Jupiter
293 688 316 726 in
326 689 448 737 Ganymede
455 688 528 737 tieem)

153 738 209 777 Olim
218 740 314 777 'uventas
322 742 344 777 et
349 739 430 788 patrius
438 739 496 787 vigor

153 789 210 829 Nido
226 789 314 827 eborum
322 789 415 838 propulit
421 789 519 834 inscium,

178 839 344 888 Vemique,1a1n
351 839 430 878 nimbis
438 840 531 884 remotis,

203 890 302 929 insolitos
310 890 400 929 docuere
409 889 468 929 nisus

154 941 217 980 Venti
224 944 348 990 paventem3
366 951 417 979 mox
424 941 447 979 in
456 939 520 979 ovilia

154 991 244 1031 Demisit
251 991 333 1030 hostem
341 991 424 1029 vividus
432 992 534 1040 impetun

179 1042 242 1080 Nunc
250 1042 272 1080 in
280 1041 408 1080 reluctantes
417 1042 518 1081 dracones

205 1092 254 1140 Egit
260 1103 319 1131 umor
327 1092 387 1141 dapis
395 1095 459 1141 atque
467 1101 556 1142 pugnae:

154 1142 269 1184 Qualsmve
277 1142 332 1181 laetis
340 1153 417 1191 caprea
426 1142 510 1191 pascuis

154 1193 246 1239 intenta,
255 1193 320 1232 fulvae
328 1193 401 1232 matris
409 1194 437 1231 ab
444 1193 510 1231 ubere

179 1244 228 1283 lam
236 1243 290 1282 lacte
299 1243 411 1292 depulsum
418 1243 509 1288 leonem.

205 1294 273 1333 Dente
281 1305 336 1333 novo
345 1295 444 1343 peritura,
454 1294 519 1332 vidit:

154 1344 231 1383 Videre
240 1344 321 1384 Rbaeus
329 1344 386 1383 bella
393 1345 433 1384 snb
442 1344 532 1394 Alpibus

155 1395 248 1433 Drusum
255 1399 363 1443 gerentem
371 1394 488 1440 Vindelicl;
503 1395 581 1443 quibus

180 1444 227 1484 Mos
235 1446 292 1484 unde
300 1445 404 1485 deductus
413 1456 450 1494 per
458 1456 521 1484 omne

205 1495 297 1545 Tempus
306 1496 422 1534 Amazonia
429 1496 498 1535 securi

154 1546 244 1584 Dextrae
253 1546 354 1593 chermel,
363 1557 457 1594 quaerere
465 1545 550 1593 distu1i;

154 1597 199 1636 Nec
207 1596 259 1635 scire
268 1596 300 1636 fas
308 1601 341 1636 est
350 1598 432 1642 omnia;
447 1598 485 1636 sed
493 1597 531 1636 diu

178 1647 273 1695 lateque
279 1647 375 1686 victrices
383 1651 479 1693 catervas,

205 1696 303 1736 Consiliis
308 1699 393 1746 iuvenis
401 1698 493 1742 revicta,

154 1748 248 1794 esnsere,
258 1748 310 1796 quid
318 1759 378 1787 mens
385 1749 431 1793 rite,
441 1748 494 1796 quid
501 1747 590 1794 indoles,

154 1799 174 1837 N
175 1799 240 1837 uuita
247 1798 322 1837 faustis
330 1799 370 1837 sub
377 1798 526 1847 penetralibus,

180 1849 259 1893 Posset,
269 1849 320 1897 quid
329 1849 419 1897 Augusti
426 1852 527 1898 paternus

205 1898 231 1937 ln
240 1910 315 1948 pueros
324 1900 408 1938 animus
417 1899 518 1938 Nerones.

156 1949 228 1987 Fortes
238 1953 337 1987 creentur
343 1949 433 1989 fortibus
442 1954 463 1988 et
471 1950 543 1988 bonis:

156 1999 194 2037 Est
203 1999 225 2037 in
230 1999 333 2046 juvencis,
342 2005 374 2039 est
382 2000 405 2038 in
413 2001 479 2048 equis,
488 2004 575 2049 patrum

181 2048 266 2087 Virtus:
283 2060 352 2098 noque
361 2050 470 2089 imbellem
478 2050 559 2089 feroces

207 2098 348 2146 Progenerant
355 2100 433 2148 aquitae
442 2099 570 2140 columbam.

157 2148 258 2186 Doctrina
265 2149 302 2186 sed
309 2151 352 2187 vim
361 2155 469 2198 promovet
477 2151 570 2198 insitam,

157 2197 260 2245 Rectique
267 2199 336 2237 cultus
344 2204 429 2248 pectore
436 2202 549 2241 roborant:

182 2247 295 2296 Utcunque
303 2249 398 2289 defecere
406 2262 481 2297 mores,

207 2297 333 2337 indecorant
340 2300 394 2338 bene
401 2305 452 2339 natu
460 2301 536 2351 culpan.
