1562 2568
112 189 150 227 210
278 188 305 233 Q.
319 187 442 226 uouaru
458 185 557 226 iuncti

113 304 184 350 Quam
192 313 235 342 non
244 303 344 342 adstricto
354 305 462 351 percurrat
470 301 553 352 pulpita
560 301 634 340 soccoi

114 355 183 394 Gestit
190 355 247 393 enim
253 353 392 392 nummumin
400 352 481 391 loculos
490 353 607 399 demittere,
615 351 712 401 posthoc

112 405 211 450 Securus,
221 405 289 447 cadat.
299 414 326 441 an
334 407 391 441 recto
397 407 439 442 stet
446 403 520 441 fabula
528 402 578 441 talo.

113 456 183 502 Quem
191 455 241 493 tulit
248 455 275 493 ad
283 464 368 492 scenam
375 458 463 492 ventoso
473 452 544 492 Gloria
552 463 621 498 curru,

114 505 229 544 Exanimat
237 505 306 543 lentus
314 508 425 553 spectator,
434 503 522 543 sedulus
530 504 591 542 inflat
599 515 604 540 ε

113 557 147 596 Sic
159 556 211 601 leve,
229 556 259 594 sic
275 565 365 604 parvum
380 559 419 601 est,
435 556 532 593 animum
550 554 606 603 quod
623 552 695 592 laudis

164 616 251 645 avarum

112 657 201 696 Subruit
208 667 233 695 ac
241 655 319 695 reiicit!
344 654 422 694 Valeat
429 666 462 694 res
474 655 563 696 ludicra.
572 655 590 693 si
600 665 635 693 me
675 655 712 693 180

114 707 188 747 Palma
197 710 273 755 negata
281 716 383 752 macrum,
393 707 473 745 donata
480 706 562 745 reducit
570 705 673 753 opimum.

113 758 174 808 Saepe
183 757 248 796 etiam
256 757 359 796 audacem
367 757 428 805 fugat
437 757 477 795 hoc
485 760 590 805 terretque
598 759 690 804 poetam,

111 809 175 855 Quod
184 819 273 847 numero
281 807 358 857 plures,
365 808 444 846 virtute
452 811 474 845 et
480 806 560 845 honore
567 805 666 851 minores,

114 859 197 898 indocti
205 858 319 908 stolidique
327 862 349 898 et
356 859 478 907 depugnare
490 857 565 906 parati.

113 910 137 947 Si
145 910 251 949 discordet
258 920 330 958 eques,
338 909 410 947 media
418 909 474 947 inter
482 907 576 946 carmina
584 911 675 955 poscunt

115 960 159 999 Aut
167 971 247 1007 ursum,
253 964 292 999 aut
299 959 381 1009 pugiles
389 971 394 998 ε
407 959 441 998 his
450 969 499 996 uam
507 956 619 1007 plebecula
626 958 714 1004 gaudet.

115 1010 194 1099 vmim
207 1012 285 1060 equitis
298 1021 382 1060 quoque
398 1011 444 1058 jam
456 1009 554 1057 migravit
566 1007 593 1046 ab
612 1018 664 1046 aure
677 1019 715 1046 vo—

172 1065 235 1111 uptas
519 1106 521 1110 μ

114 1112 189 1151 Omnis
197 1113 225 1151 ad
235 1112 325 1151 incertos
331 1110 403 1150 oculos
411 1114 433 1149 et
439 1109 518 1158 gaudia
524 1118 587 1147 vana.

113 1163 212 1208 Quatuor
220 1168 257 1201 aut
265 1161 335 1211 plures
344 1161 414 1200 aulaea
421 1164 546 1209 premuntur
554 1159 576 1196 in
584 1157 654 1202 horas,

116 1213 173 1252 Dum
181 1213 266 1261 lugiunt
277 1213 372 1262 equiturn
381 1216 456 1250 turmae
464 1210 603 1259 peditumque
611 1212 713 1253 catervas

116 1263 169 1302 Mox
177 1263 268 1303 trahitur
276 1264 375 1301 manibus
383 1272 457 1309 regum
465 1261 550 1299 fortuna
558 1260 652 1306 retortis3
679 1261 713 1298 101

116 1313 196 1353 Fsseda
203 1313 311 1357 festinant,
320 1312 407 1362 pilente,
421 1313 528 1360 petorrita,
537 1320 612 1354 naves;

116 1364 228 1412 Captivum
236 1368 331 1412 portatur
339 1364 398 1407 ebur,
407 1363 491 1411 captiva
499 1358 619 1400 Corinthus.

116 1414 138 1452 Si
147 1414 231 1453 foretin
242 1414 309 1458 terris,
323 1413 402 1451 rideret
409 1413 553 1454 Democritus:
567 1421 606 1448 seu

117 1465 228 1503 Diversum
237 1463 327 1502 confusa
333 1474 400 1512 genus
408 1462 512 1512 panthera
519 1460 607 1505 camelo,

117 1516 166 1553 Sive
174 1514 261 1563 clephas
270 1514 331 1552 albus
339 1513 397 1562 vulgi
405 1515 536 1552 converteret
543 1522 591 1549 ora:

117 1567 227 1614 Spectaret
239 1564 340 1613 populum
353 1563 409 1602 ludis
417 1561 586 1610 attentionipsis,

118 1616 147 1655 Ut
155 1617 196 1655 sibi
203 1616 334 1665 praebentem
341 1614 408 1653 mimo
413 1612 535 1664 spectacula
541 1611 613 1661 plura;

117 1667 233 1716 Scriptores
242 1669 314 1704 autem
322 1676 408 1704 nauare
415 1668 500 1714 putaret
510 1661 576 1701 asello

118 1717 227 1756 Fabellam
234 1717 310 1755 surdo:
324 1726 374 1754 uam
383 1726 431 1764 quse
439 1715 561 1764 pervincere
569 1721 630 1751 voces
677 1711 716 1750 200

118 1767 223 1806 Evalusre
230 1777 313 1811 sonum,
327 1766 421 1804 referunt
428 1776 492 1814 quem
501 1762 678 1802 noauatheatral

117 1818 240 1866 Garganum
247 1817 329 1865 mugire
337 1822 399 1865 putes
407 1826 488 1861 nemus,
498 1819 536 1852 aut
543 1823 602 1852 mare
610 1811 716 1851 Tuscum:

118 1868 187 1907 Tanto
196 1879 245 1906 curu
253 1867 342 1916 strepitu
350 1866 396 1905 ludi
404 1870 526 1915 spectantur
534 1871 557 1903 et
565 1867 627 1907 artes,

120 1919 247 1967 Divitiseque
255 1918 384 1966 peregrum
398 1918 476 1965 quibus
483 1914 562 1954 oblitus
571 1918 629 1953 actor

52 2006 55 2013 ,
117 1969 191 2014 Quum
199 1968 258 2006 stetit
265 1968 287 2006 in
296 1978 367 2012 scena,
374 1967 481 2006 concurrit
489 1967 577 2005 dexteru
584 1963 653 2002 leve

120 2018 182 2057 Dixit
190 2018 260 2057 adhuc
268 2017 361 2066 aliquid?
382 2017 418 2056 Nil
425 2028 483 2056 eane.
510 2014 567 2063 Quid
575 2015 646 2065 placet
653 2014 718 2062 agot

119 2069 179 2109 Lana
187 2069 299 2107 Terentino
307 2068 374 2107 violas
386 2068 469 2106 imitata
476 2077 565 2106 veneno.

120 2120 151 2157 Ac
160 2130 187 2157 ne
195 2119 248 2158 forte
256 2123 318 2168 putes
326 2130 367 2165 me,
381 2129 429 2167 quae
438 2119 507 2157 facere
515 2118 560 2166 ipse
568 2124 671 2162 recusem,

118 2168 190 2210 Quum
198 2174 255 2208 recte
262 2172 354 2207 tractent
361 2167 499 2215 alii‚'laudere
508 2166 610 2217 maligne3

121 2218 160 2257 llle
168 2231 206 2269 per
213 2223 324 2258 extentum
332 2218 407 2259 funem
415 2219 469 2259 milri
476 2229 537 2268 posse
545 2217 630 2258 uidetur
682 2217 720 2257 tit
