1562 2568
123 203 159 240 lde
285 199 310 244 Q.
325 197 449 237 Hortarii
464 197 562 239 anatot

123 315 219 355 Maxima
227 323 275 364 pars
283 313 394 353 hominum
401 313 475 352 morbo
480 313 574 361 iactatur
581 313 667 352 eodem.

122 365 195 411 Filius,
204 370 242 404 aut
250 366 314 403 etiam
322 364 369 403 hac
377 364 466 403 libertus
475 367 499 401 ut
507 364 580 402 ebibat
588 363 666 412 haeres,

122 417 160 456 Dis
168 417 254 454 inimice
262 426 335 458 senex,
345 415 451 453 cristodisl
464 425 491 452 ne
502 414 542 452 tibi
551 414 619 452 desitt

119 466 252 513 Quantulum
261 466 318 503 enim
326 476 415 503 summae
424 464 516 503 curtabit
524 465 616 513 quisque
630 465 720 510 dierum,

119 517 203 566 Ungere
211 517 229 554 si
237 516 309 554 caules
316 515 363 554 oleo
371 515 465 557 meliore,
474 520 581 564 caputque

119 567 212 616 Coeperia
220 568 306 615 impexa
313 564 396 604 foedum
403 566 523 615 porrigine?
549 566 628 611 Quare,

119 619 141 656 Si
149 617 232 667 quidvis
245 617 296 655 satis
304 620 342 661 est,
351 618 453 666 periuras,
462 615 556 664 surripis,
566 615 640 654 aufers

118 668 230 715 Undique?
243 665 288 705 tun¹
297 669 373 706 sanust
402 666 507 715 Populum
515 665 533 704 si
541 666 624 704 caedere
632 667 693 706 saxis

117 719 217 767 Incipias.
227 727 329 762 servosve,
339 722 376 756 tuo
384 727 488 766 quosaere
498 716 584 765 pararis.

117 769 220 807 Insanum
228 773 249 806 te
257 779 331 806 omnes
340 769 401 816 pueri
409 767 543 816 clamentque
550 766 642 815 pnenae:
686 769 724 806 1³⁰

117 820 189 865 Quum
195 819 273 867 laqueo
279 829 367 857 uxorem
374 818 483 863 interimis,
491 821 624 865 matremque
629 828 723 864 veneno,

117 869 224 910 lncolumi
239 870 309 918 capite
322 871 358 909 eal
384 869 440 914 Quid
452 869 524 907 enimi
551 868 628 916 Neque
642 873 668 907 tu
681 869 723 908 hoc

167 920 220 959 facis
228 920 297 968 Argis.
332 958 335 962 .

117 970 163 1010 Nec
173 971 235 1013 ferro.
244 976 269 1009 ut
276 971 364 1008 demens
372 969 496 1017 genitricem
504 968 581 1007 occidit
590 968 685 1009 Orestes.

117 1023 151 1059 An
159 1025 184 1060 tu
191 1022 244 1060 reris
252 1033 302 1059 eum
310 1021 380 1059 occisa
390 1020 495 1058 insanisse
503 1024 598 1067 parente,

117 1073 149 1111 Ac
156 1083 200 1110 non
208 1077 257 1110 ante
266 1070 327 1109 malis
336 1072 457 1109 dementem
467 1074 539 1108 actum
548 1069 624 1114 Furiis,
637 1080 705 1118 quam

118 1121 144 1161 ln
152 1123 227 1162 matris
235 1121 310 1170 jugulo
319 1122 398 1159 ferrum
406 1119 507 1169 tepefecit
515 1120 617 1157 acutum?

117 1173 174 1219 Quin
183 1184 211 1211 ex
234 1184 261 1211 uo
269 1173 354 1210 habitus
362 1171 418 1209 male
426 1175 479 1209 tutae
488 1170 565 1209 mentis
574 1170 667 1216 Orestes,
718 1168 722 1176 '

117 1223 154 1262 Nil
163 1186 279 1267 sanelecit
288 1223 345 1271 quod
353 1226 377 1260 tu
386 1222 512 1270 reprendere
521 1220 599 1270 possis;

118 1274 167 1312 Non
177 1274 270 1322 Pyladen
279 1272 334 1312 ferro
343 1272 421 1310 violare
431 1282 521 1310 aususve
530 1281 623 1309 sororem

117 1324 234 1368 Electram:
248 1328 332 1363 tantum
340 1322 448 1361 maledicit
456 1322 546 1370 utrique,
554 1322 651 1360 vocando
684 1323 720 1361 140

117 1374 287 1462 Hmssqlfumm’
304 1373 362 1412 hunc
379 1373 444 1419 aliud,
456 1372 521 1421 Jussit
535 1372 593 1420 quod
605 1371 721 1420 splendida

183 1436 224 1463 irs.

118 1474 200 1524 Pauper
209 1474 305 1523 Opimius
313 1474 395 1522 argenti
403 1473 466 1522 positi
474 1473 532 1511 intus
539 1475 562 1510 et
570 1473 624 1518 auri,

117 1526 159 1572 Qui
171 1525 311 1564 Veientanum
317 1525 376 1563 festis
384 1530 457 1574 potare
466 1523 541 1561 diebus

116 1576 225 1625 Campana
232 1575 307 1614 solitus
315 1575 385 1619 trulla¹
395 1585 528 1622 vappamque
536 1571 642 1622 profestis,

117 1627 230 1668 Quondam
237 1625 333 1674 lethargo
340 1626 416 1674 grandi
423 1629 456 1663 est
463 1634 581 1672 oppressus,
591 1627 617 1661 ut
624 1624 694 1664 haeres

117 1677 166 1716 Jam
175 1678 254 1716 circum
263 1676 343 1715 loculos
352 1681 374 1714 et
382 1675 451 1714 claves
459 1674 521 1713 laetus
529 1684 638 1722 ovansque

117 1729 220 1767 curreret.
243 1724 720 1773 Huncmedicusmultumceleratquefldelis

117 1779 203 1818 Excitat
210 1779 251 1816 hoc
258 1782 331 1827 pacto:
346 1787 442 1815 mensam
450 1775 500 1824 poni
506 1775 569 1822 jubet
577 1780 643 1824 atque

117 1829 205 1868 Effundi
213 1839 284 1868 saccos
292 1839 438 1869 nummorum
452 1828 552 1864 accedere
561 1825 634 1874 plures

117 1880 151 1918 Ad
160 1880 322 1919 numerandum:
332 1878 441 1916 hominem
449 1877 478 1915 sic
485 1876 553 1923 erigit:
562 1876 623 1914 addit
629 1880 650 1915 et
656 1875 719 1915 illud:

117 1930 146 1969 Ni
155 1936 192 1969 tua
200 1930 299 1973 custodis.
308 1928 383 1968 avidus
388 1930 433 1976 jam
442 1927 489 1965 haec
497 1926 662 1966 auterethaeres.
683 1928 719 1965 151

117 1980 240 2019 Men'vivoi
257 1980 348 2017 Utvivas
354 1977 497 2027 igitur‚vigila:
505 1977 545 2015 hoc
553 1988 599 2025 age.
610 1977 720 2024 Quidvist

117 2030 221 2069 Deficient
228 2031 313 2078 inopem
321 2040 382 2067 venae
391 2033 418 2074 te,
428 2029 450 2066 ni
459 2028 518 2066 cibus
527 2031 592 2075 atque

117 2080 194 2127 Ingens
202 2081 285 2119 accedit
292 2080 400 2118 stomacho
407 2079 489 2117 fultura
497 2078 575 2116 ruenti.

116 2129 149 2167 Tu
156 2131 238 2168 cessas?
264 2130 368 2178 Agedum,
374 2141 434 2171 sume
443 2129 483 2167 hoc
493 2128 635 2177 ptisanarium
642 2139 722 2178 oryaae.

116 2179 199 2267 Qunrffii¹
211 2182 288 2267 erptaet
302 2179 376 2219 Parvo.
403 2180 483 2222 Quanti
496 2180 558 2227 ergot
585 2180 721 2220 Octussibus.

200 2239 228 2267 eu
