1562 2568
119 187 158 225 20⁶
283 188 308 234 Q.
323 186 447 226 HOMTII
461 187 561 228 Fuscos

120 302 152 341 sit
159 302 213 342 mibi
237 303 292 342 rims
299 303 358 347 fides,
367 306 395 348 et,
403 314 453 342 vere
461 304 519 353 quod
528 303 605 353 placet,
614 309 639 343 nt
648 315 691 344 non

119 353 221 392 Acritere
244 358 304 398 trem.
313 354 405 403 pretium
414 359 467 393 aetas
475 354 543 393 altero
553 356 631 393 sordet.

120 404 183 442 Amb'
199 405 204 413 '
231 405 300 452 rquid
308 404 380 443 enimi
406 405 478 444 Castor
486 405 544 450 sciat,
554 416 583 443 an
592 405 693 445 Dolichos

83 548 88 553 ,
119 456 264 544 §mmm
274 504 356 543 Minuci
364 504 442 546 melius
449 506 485 544 ris
492 507 563 552 ducat,
571 517 599 544 an
608 505 681 555 Appii
695 508 718 546 ²0

119 556 188 601 Quem
196 556 298 594 damnosa
307 555 385 602 Venus,
395 567 459 605 quem
467 567 562 606 praeceps
570 555 618 595 eles
625 559 702 604 nudat,

119 605 192 644 Gloria
201 616 266 654 quem
273 616 338 654 suprs
345 607 401 645 vires
407 611 429 646 et
436 608 500 646 vestit
507 613 529 646 et
536 608 603 655 ungit,

119 655 188 702 Quem
196 659 255 694 tenet
264 657 346 704 argenti
354 656 400 696 sitis
407 658 438 695 im
466 662 530 696 rtuna
537 657 655 707 famesque,

118 705 187 747 Quem
195 707 324 755 paupertatis
332 708 400 755 pudor
407 713 430 746 et
487 735 492 751 .
502 708 560 747 dives
569 708 657 755 amicus.

118 756 179 805 Soepe
187 759 261 795 decern
268 757 326 796 uitiis
334 758 460 804 instructior,
472 759 518 798 odit
525 762 547 796 et
554 758 639 797 horret:

118 808 169 853 Aut,
177 808 196 846 si
204 819 247 846 non
254 808 307 852 odit,
316 809 381 855 regim
395 819 427 854 ac,
436 808 503 847 veluti
511 809 547 858 pis
554 813 629 854 meter,

119 856 169 897 Plus
177 869 242 908 quam
251 868 361 907 resapere,
370 862 392 896 et
399 859 513 898 virtutibus
521 870 567 898 esse
575 859 668 908 priorem

119 907 182 954 Vult;
198 913 219 948 et
227 909 258 948 ait
266 919 330 958 prope
339 919 400 948 vera:
416 909 472 948 Meae
480 909 617 956 (contendere
626 909 682 957 noli)

118 958 235 999 Stultitinm
243 959 353 1009 patiuntur
361 970 411 1008 opes
418 971 422 1003 ;
438 959 478 998 tibi
486 959 575 1009 parvula
583 971 617 998 res
625 964 670 999 est:

39 1036 42 1043 ·
118 1010 183 1048 Aucta
191 1011 252 1049 decet
259 1020 334 1049 sanum
343 1011 442 1049 comitem
450 1013 510 1058 toga3
520 1011 593 1050 desine
601 1012 718 1051 mecumid

118 1060 209 1100 eertsre.
237 1059 369 1109 Eutrapelus,
379 1061 499 1109 cuicunque
508 1072 584 1099 nocere
593 1062 687 1110 volebat,

118 1110 251 1150 Vestimenta
259 1112 324 1150 dabat
331 1111 434 1160 pretiosa:
452 1111 527 1150 matus
535 1111 594 1150 enim
600 1113 646 1161 jem

118 1160 171 1199 Cum
180 1161 273 1211 pulchris
283 1162 360 1200 tunicis
368 1166 439 1200 sumet
446 1172 501 1201 nova
509 1161 599 1200 consilia
607 1167 630 1201 et
637 1173 695 1212 spem

118 1210 215 1251 Dormiat
222 1213 244 1250 in
252 1212 322 1250 iucem
329 1224 334 1257 ;
348 1216 416 1251 scorto
424 1215 536 1262 postponet
543 1211 660 1253 honestum

117 1262 226 1307 Officium
240 1274 339 1302 nummos
347 1263 427 1301 alienos
435 1266 517 1311 pascetz
531 1263 559 1301 ed
567 1263 637 1302 imum

116 1312 190 1352 Threx
197 1314 243 1358 erit,
253 1313 376 1352 autolitoris
382 1318 431 1361 eget
437 1313 533 1352 mercede
541 1313 660 1354 caballum.

118 1363 225 1402 Arcanum
234 1374 303 1413 neque
312 1368 336 1402 tu
344 1365 469 1405 scrutaberis
477 1363 535 1403 illius
543 1374 653 1412 unquam

115 1414 257 1453 Commissum
273 1424 299 1452 ue
307 1418 371 1462 teges,
380 1418 402 1453 et
410 1415 459 1453 vino
467 1418 534 1454 tortus
541 1415 610 1465 stirs.

118 1463 163 1504 Nec
171 1469 209 1503 tus
216 1425 314 1503 laudabis
321 1464 398 1510 studia,
407 1469 445 1503 ant
453 1465 524 1503 abeno
530 1466 658 1514 reprendes:

118 1514 170 1561 Neo,
179 1525 246 1563 quum
250 1515 325 1554 reneri
332 1515 438 1561 voletille,
446 1519 545 1564 poemata
552 1525 640 1564 pangea.
693 1519 717 1557 4⁰

118 1565 192 1604 Gratia
199 1566 229 1605 sic
238 1565 328 1604 fratrum
336 1566 475 1613 geminorum.
486 1565 613 1614 Amphionis
622 1571 687 1617 atque

76 1628 78 1631 ·
118 1616 188 1662 Zethi,
197 1615 294 1663 dissiluit,
304 1617 371 1655 donec
380 1621 476 1666 suspecta
485 1627 558 1655 severo

117 1667 225 1706 conticuit
231 1666 283 1716 lyra.
309 1666 416 1706 lister-nis
424 1668 511 1706 cessisse
519 1671 608 1727 putatur

117 1716 214 1757 Moribus
222 1717 338 1766 Amphion
352 1722 377 1755 tu
384 1718 436 1756 cede
443 1721 536 1767 potentis
544 1717 608 1757 amici

116 1765 209 1807 Lenibus
219 1768 322 1816 imperiis
336 1769 461 1817 quotiesque
469 1769 545 1807 educet
553 1769 576 1806 in
583 1779 646 1817 agros

117 1816 193 1857 AEtolis
200 1823 287 1857 onerata
294 1818 361 1867 plagis
366 1819 465 1866 jnmenta
475 1829 588 1868 canesque,

117 1868 183 1917 Surge
190 1873 213 1907 et
221 1869 344 1907 inhumane
353 1870 436 1908 senium
445 1870 527 1919 depone
536 1869 652 1915 common,

117 1919 192 1957 Ooenes
199 1923 224 1957 ut
231 1919 310 1967 pariter
315 1919 426 1967 pulmenta
433 1919 541 1959 laboribus
549 1924 614 1959 emis.

117 1967 220 2007 Romanis
229 1969 324 2007 solemne
332 1971 382 2008 viris
390 1982 450 2018 opus,
459 1969 512 2008 utile
521 1964 593 2009 samin*

116 2016 214 2065 Vitoequs
222 2023 244 2056 et
251 2019 362 2064 membris
380 2021 498 2068 presertim
505 2032 555 2060 oum
563 2019 635 2060 vibes
643 2024 667 2060 st
692 2024 718 2062 ti

116 2065 156 2103 Vel
164 2077 227 2105 cursu
235 2079 334 2116 superare
341 2080 417 2111 omens
424 2071 459 2110 vel
466 2070 547 2111 viribus
553 2082 632 2122 aprum

116 2114 185 2155 Possis
192 2128 196 2159 ;
210 2117 272 2161 edde,
280 2118 350 2156 virilia
357 2122 415 2168 quod
422 2121 538 2170 speciosius
546 2132 608 2162 srms

116 2162 163 2201 Non
170 2169 203 2203 est
210 2166 248 2213 qui
255 2172 332 2206 nectet
338 2170 395 2217 (scis,
404 2182 448 2219 quo
455 2171 548 2211 clamore
556 2180 641 2215 eom

115 2211 304 2255 Proelissnstiness
311 2220 458 2268 campeanam
473 2223 676 2272 deniquesaemn.
728 2214 734 2223 ⁴
