1520 2572
212 156 372 196 CARMINUM
385 157 439 196 LIB.
455 157 490 196 lv.
624 162 647 198 85

96 273 157 319 Quid
166 272 250 319 debeas,
260 283 273 310 o
283 271 358 318 Roma,
368 272 494 319 Neronibus,

97 324 168 363 Testis
177 323 299 363 Metaurum
306 324 393 370 flumen,
403 328 424 362 et
432 323 553 364 Hasdrubal

125 374 232 420 Devictus,
242 379 264 412 et
271 373 359 422 pulcher
365 374 443 422 fugatis

150 424 191 463 Ille
199 426 244 464 dies
255 424 316 463 Latio
324 425 423 471 tenebris,

97 475 142 521 Qui
149 476 231 525 primus
239 474 296 514 alma
303 475 350 514 risit
357 476 440 522 adorea,

100 526 164 565 Dirus
172 537 210 576 per
216 526 281 565 urbes
289 526 341 565 Afer
349 532 373 564 ut
381 526 452 572 Italae,

125 576 170 616 Ceu
177 577 265 615 damma
272 587 310 625 per
317 577 391 619 taedas.
400 576 435 616 vel
442 577 511 618 Eurus

151 627 192 666 Per
200 627 282 666 Siculas
289 628 392 676 equitavit
399 628 474 667 undas.

100 678 151 717 Post
158 677 199 717 hoc
207 678 305 716 secundis
313 689 380 727 usque
388 677 495 718 laboribus

100 728 199 767 Romana
207 729 275 777 pubes
283 729 354 774 crevit,
363 732 386 766 et
392 729 458 778 impio

125 779 214 817 vastata
223 779 336 818 Poenorum
344 779 439 818 tumultu

151 829 210 868 Pana
217 829 272 868 Dece
280 829 373 868 habuere
381 834 462 868 rectos:

99 879 204 929 Dixitque
211 880 298 919 tandem
306 880 399 929 perfidus
408 880 528 919 Hannibal:

98 931 168 977 Cervi,
177 930 277 979 luporum
285 931 358 979 praeda
365 932 481 979 rapacium,

125 981 237 1020 sectamur
243 980 306 1026 ultro,
316 992 369 1029 quos
377 981 460 1030 opimus

151 1031 233 1070 Fallere
241 1034 264 1070 et
271 1031 362 1079 effugere
371 1035 403 1070 est
410 1031 537 1080 triumphus.

99 1082 164 1127 Gens,
174 1092 222 1130 quae
230 1085 323 1120 cremato
331 1081 391 1121 fortis
400 1083 427 1120 ab
437 1081 477 1121 Ilio

98 1133 186 1172 lactata
195 1132 268 1171 Tuscis
276 1133 397 1180 aequoribus
405 1143 471 1180 sacra,

125 1183 235 1231 Notosque
243 1187 378 1231 matiuosque
386 1187 463 1232 patres,

151 1233 242 1272 Pertulit
250 1234 354 1272 Ausonias
363 1234 391 1272 ad
398 1234 468 1281 urbes,

100 1285 165 1324 Duris
174 1288 199 1322 ut
205 1284 250 1323 ilex
257 1288 319 1323 tonsa
327 1284 456 1333 bipennibus

101 1336 173 1384 Nigrae
181 1334 247 1374 feraci
255 1334 336 1373 frondis
344 1335 367 1373 in
375 1335 459 1384 Algido,

125 1386 167 1425 Per
175 1386 260 1431 damna,
269 1396 308 1434 per
315 1386 390 1431 cecdes,
400 1387 428 1424 ab
435 1386 481 1435 ipsc

152 1436 217 1475 Ducit
225 1446 275 1484 opes
283 1436 421 1484 animumque
429 1437 491 1476 ferro.

101 1487 151 1526 Non
158 1486 233 1535 Hydra
241 1490 298 1525 secto
306 1497 391 1535 corpore
398 1488 478 1527 firmior
547 1516 550 1524 ,

100 1538 164 1579 Vinci
172 1537 281 1576 dolentem
289 1537 354 1575 crevit
361 1537 384 1575 in
392 1537 518 1577 Herculem:

126 1589 274 1628 Monstrumve
282 1588 398 1626 submisere
407 1589 479 1629 Colchi

152 1639 231 1686 Maius,
241 1637 376 1677 Echiomeve
385 1638 472 1678 ssebae.

100 1690 183 1731 Merces
191 1688 302 1738 profundo,
312 1689 420 1737 pulchrior
427 1692 508 1730 evenit:

101 1741 201 1785 Luctere,
209 1739 278 1778 multe
285 1743 371 1788 proruet
378 1741 484 1788 integrum

127 1791 182 1830 cum
190 1790 254 1828 laude
261 1790 369 1835 victorem,
377 1796 478 1838 geretque

154 1840 233 1879 Proelia
240 1841 365 1889 coniugibus
373 1840 486 1888 loquenda.

101 1891 226 1940 Carthagim
231 1892 277 1939 jam
286 1902 328 1930 uon
337 1902 375 1939 ego
384 1891 470 1930 nuntios

102 1944 190 1984 Mittam
198 1942 310 1990 superbos:
324 1942 408 1988 occidit,
419 1941 497 1980 occidit

127 1994 180 2044 Spes
189 1994 256 2031 omnis
264 1996 287 2030 et
293 1992 378 2030 fortuna
386 1992 453 2030 noemi

153 2043 257 2089 Nominis,
268 2041 401 2081 Hasdrubale
408 2042 527 2081 interemto.

102 2094 140 2136 Nil
148 2094 243 2133 manda
251 2104 295 2132 non
301 2093 411 2142 perficient
417 2102 506 2131 manus:

101 2148 161 2194 Ques
170 2150 192 2184 et
199 2144 291 2192 benigno
300 2143 387 2182 numine
396 2142 479 2192 Jupiter

130 2196 238 2242 Defendit,
248 2199 270 2233 et
277 2204 334 2233 curae
342 2204 426 2241 sagaces

152 2246 279 2296 Expediunt
287 2255 324 2294 per
332 2247 394 2283 acuta
401 2242 460 2283 belli.
