1562 2568
117 185 154 223 lat
238 196 243 241 ζ
279 176 305 217 Q.
320 170 444 213 uenerit
458 166 558 208 Pnaccr

255 247 263 267 P

117 299 163 339 Nec
171 304 269 336 somnum
276 290 344 341 plebis
351 287 423 331 laudo,
432 288 491 323 satur
499 279 600 326 altilium,
610 290 652 318 nec

118 350 167 389 Otia
175 345 252 387 divitiis
261 341 356 381 Arabum
365 337 474 376 liberrima
481 336 548 372 muto.

118 401 179 448 Saepe
187 393 331 436 verecundum
338 387 441 431 laudasti;
456 394 535 431 rexque
543 384 649 430 paterque

119 448 203 490 Audisti
212 454 293 486 coram3
309 451 348 479 nec
356 439 421 478 verbo
428 435 512 485 parcius
520 433 609 470 absens:

120 500 210 549 Inspice,
219 496 237 534 si
245 502 330 543 possum
339 492 418 529 donata
425 494 525 536 reponere
534 483 605 520 laetus.

121 549 185 589 Haud
193 544 248 586 male
255 541 401 584 Telemachus,
408 537 476 587 proles
484 533 586 584 patientis
592 530 679 579 Ulyssei
686 542 691 567 ι
697 530 722 567 4⁰

121 602 170 640 Non
178 601 210 637 est
220 598 282 644 aptus
290 592 350 641 equis
360 590 432 629 Ithace
441 588 512 630 locus3
526 588 552 622 ut
559 593 631 632 neque
639 579 711 630 planis

121 652 231 690 Porrectus
240 644 320 693 spatiis,
329 651 399 689 neque
408 638 482 678 multae
490 635 592 684 prodigus
600 632 675 670 herbae
686 643 691 670 :

123 701 204 743 Atride,
212 695 279 744 magis
288 698 338 743 apta
346 692 386 730 tibi
393 695 431 729 tua
440 689 496 727 dona
503 684 631 732 relinquam.

122 753 213 792 Parvum
221 756 287 797 parva
294 746 381 783 decent:
396 740 450 778 mihi
455 741 501 787 jam
510 746 553 774 non
561 734 621 782 regia
631 732 709 776 Roma,

78 838 83 847 ,
123 803 165 842 Sed
172 809 264 839 vacuum
273 796 339 834 Tibur
345 792 422 842 placet,
432 794 470 828 aut
478 786 564 827 imbelle
573 785 700 825 Tarentum.

123 855 226 893 Strenuus
235 852 257 887 et
264 846 330 889 fortia
340 842 451 890 causisque
459 838 569 886 Philippus
578 834 669 883 agendis

124 904 204 946 clarus,
215 901 242 938 ab
251 897 324 937 officiis
331 898 428 934 octavam
437 890 520 929 circiter
527 887 604 925 horam

126 956 183 994 Dum
191 951 252 995 redit,
262 953 332 996 atque,
341 945 387 983 foro
396 942 486 980 nimium
493 940 571 977 distare
578 936 676 987 Carinas,

126 1007 175 1045 lam
183 1001 267 1052 grandis
275 1002 328 1036 natu
336 994 437 1043 queritur,
447 989 564 1038 conspexit,
574 990 599 1025 ut
607 987 677 1031 aiunt,

127 1057 233 1095 Abrasum
241 1048 348 1100 quendam
356 1054 425 1084 vacua
432 1040 522 1081 tonsoris
529 1039 553 1077 in
560 1037 646 1081 umbra,
703 1034 726 1071 to

127 1104 218 1145 Cultello
226 1100 320 1153 proprios
328 1099 454 1146 purgantem
462 1090 538 1129 leniter
546 1098 638 1136 ungues.

128 1154 223 1196 Demetri
231 1158 292 1201 (puer
299 1149 334 1186 hic
342 1156 386 1184 non
393 1144 447 1183 laeve
453 1143 513 1190 jussa
522 1137 617 1186 Philippi

129 1203 267 1255 decipiebat),
277 1199 318 1244 abi,
328 1206 406 1247 quaere,
416 1198 438 1233 et
446 1191 512 1231 refer:
526 1189 585 1228 unde
592 1188 665 1233 domo,
675 1185 727 1234 quis,

129 1258 194 1306 (liujus
202 1255 299 1296 fortuma,
309 1259 351 1297 quo
360 1247 461 1293 mipene,
471 1251 539 1290 quove
547 1243 645 1289 patrono.

131 1309 157 1354 lt,
164 1306 220 1346 redit
227 1310 249 1342 et
256 1303 339 1340 narrat:
353 1295 469 1339 vultuum,
479 1291 566 1330 nomine
576 1289 672 1332 Menam.

131 1358 258 1397 Praeconem.
269 1350 329 1390 tenui
336 1357 408 1392 censu,
417 1346 463 1384 siue
471 1342 560 1383 crimine
566 1343 654 1383 notum

133 1409 160 1448 Et
168 1413 278 1457 properare
286 1401 338 1445 loco,
348 1404 369 1436 et
377 1407 465 1439 cessare,
474 1398 496 1432 et
503 1401 606 1441 quaerere,
616 1387 687 1434 etuti,

133 1458 266 1498 Gaudentem
276 1451 388 1502 parvisque
397 1444 511 1489 sodalibus,
522 1446 544 1481 et
551 1441 596 1479 lare
605 1443 671 1485 certo,

134 1511 161 1548 Et
171 1507 233 1550 ludis,
243 1508 270 1548 et,
279 1492 327 1551 post
335 1500 406 1540 decisa
414 1496 504 1545 negotia,
514 1492 601 1541 Campo.

134 1559 209 1598 Scitari
216 1555 270 1594 libet
277 1564 305 1592 ex
313 1551 366 1600 ipso,
390 1555 508 1594 uaecunque
516 1542 596 1581 refers:
611 1541 646 1579 dic
710 1539 734 1576 6⁰

135 1611 169 1650 Ad
177 1617 261 1648 coenam
268 1603 347 1644 veniat.
374 1561 422 1639 {lon
431 1594 574 1636 sanecredere
580 1591 658 1631 Mena:

135 1660 287 1701 Mirarisecum
295 1653 379 1691 tacitos.
405 1644 552 1694 Quidmultal
580 1642 686 1690 Benigne,

137 1709 265 1760 Respondet.
285 1704 353 1752 Neget
361 1701 397 1739 ille
405 1698 473 1739 mihil
489 1692 681 1744 Negatimprobus‚
691 1693 712 1728 et
717 1691 737 1726 te

137 1760 230 1810 Negligit
238 1763 276 1796 aut
282 1755 362 1793 horret.
388 1743 690 1792 VulteiummencPlriiippus
773 1766 775 1769 v

137 1812 194 1851 Vilia
200 1809 327 1848 vendentem
335 1802 430 1842 tunicato
438 1802 509 1838 scruta
516 1794 601 1845 popello
773 1794 775 1797 '

139 1863 239 1911 Occupat,
250 1861 271 1896 et
281 1856 361 1895 salvere
367 1853 429 1901 jubet
436 1849 501 1898 prior.
527 1845 567 1885 llle
580 1843 683 1893 Philippo
774 1828 775 1859 ¹

140 1914 246 1951 Excusare
255 1908 355 1949 laborem,
365 1909 387 1940 et
394 1898 525 1941 mercenaria
533 1895 611 1941 vinda,

139 1963 201 2008 Quod
216 1970 259 1998 non
272 1967 335 1996 mane
351 1955 438 1995 domum
452 1950 556 1992 venissen
576 1945 671 1994 denique
685 1941 740 1992 quod

189 2020 232 2048 non
774 2004 775 2007 =

140 2059 267 2097 Providisset
276 2066 332 2094 eum.
359 2053 393 2093 Sic
401 2051 506 2100 ignovisse
513 2050 591 2098 putato

142 2109 177 2147 Me
188 2107 234 2150 tibi,
243 2107 261 2144 si
269 2114 341 2143 coenas
348 2102 411 2153 hodie
419 2110 511 2140 mentm.
531 2099 560 2137 Ut
565 2097 629 2141 libat.
646 2095 702 2145 Ergo
719 2092 744 2131 tt

142 2157 192 2194 Post
200 2165 279 2193 nonam
286 2154 370 2197 renies3
384 2162 442 2197 nune
451 2151 465 2195 i,
475 2153 632 2191 remetimur
639 2156 702 2199 aaa·

143 2205 171 2241 Ut
179 2209 266 2242 ventum
274 2203 302 2240 ad
311 2202 440 2247 omnamest,
449 2201 541 2239 dicenda
545 2196 643 2241 tacenda
651 2197 741 2239 iuven,
