1562 2568
195 177 399 219 amsrousbubr
412 178 467 218 Lm.
477 180 494 218 1.
605 181 640 219 187

41 294 63 335 N
63 307 82 341 e,
92 294 111 334 sl
119 294 173 333 {orte
184 304 233 333 suas
241 295 354 343 repetitum
362 295 444 334 venerit
450 293 502 334 olim

41 348 101 386 Grex
109 345 181 383 avium
188 344 278 393 plumas,
288 350 371 385 moveat
378 345 486 385 cornicula
493 344 560 384 risum

40 396 134 435 Furtivia
142 395 223 433 nudata
230 395 341 434 coloribus.
369 396 416 445 lpse
424 397 477 444 quid
484 397 564 435 audesl
615 397 640 435 20

40 448 97 492 Quae
106 447 186 485 circum
193 445 269 485 volitas
277 446 338 494 agilis
346 446 432 495 thyma?
446 458 489 485 non
497 447 536 485 tibi
544 458 633 495 parrum

40 497 163 545 Ingenium,
171 507 215 534 non
223 496 327 535 incultum
336 502 373 543 est,
384 509 423 536 nec
431 498 520 546 turpiter
527 497 614 537 hirtum.

41 549 85 586 Seu
93 547 188 595 linguam
197 547 266 586 causis
274 549 339 592 acuis,
348 559 387 586 seu
394 549 461 586 civica
467 549 516 596 Jura

41 598 180 646 Respondete
189 608 258 646 paras,
271 609 310 636 seu
317 599 391 636 condis
398 598 490 637 amabile
498 609 598 645 carmem

40 648 115 687 Prima
122 648 176 687 seres
184 647 269 686 hederae
277 648 368 685 victricis
376 649 464 697 praemia
472 661 476 686 :
491 650 567 698 quodsi

40 698 128 746 Frigida
136 709 234 737 curarum
241 698 337 737 fomenta
344 697 462 746 relinquere
471 710 548 747 posses,

40 750 91 795 Quo
99 753 121 787 te
129 749 221 788 coelestis
231 749 335 797 sapientia
345 749 437 794 duceret,
447 749 495 788 ires.

40 799 90 838 Hoc
98 810 158 847 opus,
167 799 207 838 hoc
215 798 309 837 studium
317 799 376 846 parvi
384 809 520 848 properemus
529 804 551 839 et
559 799 631 850 ampli,

40 849 64 888 Si
73 850 148 898 palriae
156 849 260 895 volumus,
270 850 289 888 si
296 849 357 888 nobis
365 850 435 887 vivere
441 851 491 887 cari.

40 900 113 939 Debes
122 900 235 939 boeotiam
244 900 364 945 rescribere,
374 899 393 938 si
400 900 440 938 tibi
450 910 513 947 curae,
615 901 640 939 00

40 952 135 996 Quanrae
143 952 261 996 conveniat,
271 950 393 989 Munatius:
410 961 438 988 an
446 950 502 988 male
510 954 567 990 sarta

14 1008 16 1011 ’
41 1001 117 1040 Gratia
125 1000 268 1050 nequicquam
275 1001 324 1046 coit,
333 1005 356 1039 et
362 1001 502 1040 rescinditur?
528 1002 608 1048 Atros,

40 1054 85 1092 Seu
93 1051 175 1090 calidus
184 1053 275 1100 sanguis,
283 1063 321 1090 seu
330 1062 401 1089 rerum
409 1051 493 1090 inscitia
500 1056 565 1091 vexat

41 1102 151 1142 Indomita
158 1103 238 1141 cervice
246 1103 307 1147 feros,
317 1102 439 1150 ubicunque
446 1101 541 1141 locorum

13 1182 14 1187 ,
39 1153 125 1197 Virilis,
134 1153 217 1201 indigni
224 1153 341 1191 fraternum
349 1163 446 1200 rumpere
454 1153 531 1191 foedus.

40 1204 140 1243 Pascitur
147 1204 169 1241 in
178 1208 270 1242 vestrum
279 1204 371 1242 reditum
379 1203 450 1242 votiva
455 1205 555 1253 juvenca.

12 1286 13 1293 ψ
577 1204 666 1415 ll

245 1344 383 1423 Ebisma
396 1378 434 1419 lv.

192 1482 227 1520 Al)
241 1482 340 1522 Ansrnrs
354 1483 491 1523 Trsuunurr.

41 1558 112 1604 Ausr,
121 1560 241 1596 nostrorum
252 1567 373 1596 sermonum
382 1558 471 1596 candide
476 1558 551 1606 judex,

41 1609 99 1652 Quid
106 1619 165 1647 nunc
174 1613 195 1645 te
203 1607 273 1646 dicam
280 1608 349 1646 iacere
357 1607 381 1645 in
389 1607 474 1656 regione
483 1608 582 1646 Pedanar

40 1661 138 1699 Scribere
147 1658 204 1706 quod
213 1657 271 1696 Cassi
280 1658 400 1696 Parmensis
407 1658 509 1706 opuscula
516 1659 601 1697 vincat?

41 1712 76 1750 An
84 1711 175 1749 caninus
183 1707 246 1747 silvas
256 1709 312 1746 inter
320 1712 402 1756 reptare
414 1708 515 1753 salubres,

41 1762 157 1800 (iurantem
166 1759 268 1808 quicquid
276 1758 363 1811 dignum
372 1759 467 1807 sapiente
475 1759 572 1807 bonoque
580 1759 629 1797 est?

12 1822 14 1849 r
41 1812 91 1851 Non
99 1815 126 1850 tu
132 1821 208 1859 corpus
216 1820 262 1848 eras
268 1808 313 1848 sine
321 1812 413 1857 pectore.
440 1808 468 1847 Di
477 1809 516 1847 tibi
523 1809 620 1855 formam,

41 1861 70 1901 m
77 1862 119 1902 tibi
127 1861 212 1901 divitias
220 1860 328 1905 dederant,
338 1864 447 1907 artemque
455 1859 547 1898 fruendi.

40 1913 98 1960 Quin
105 1918 183 1953 voveat
190 1910 248 1949 dulci
256 1908 362 1949 nutricula
370 1910 439 1958 majus
448 1909 541 1955 alumno,

41 1964 83 2007 Qui
91 1972 173 2012 sapere,
182 1968 204 2002 et
211 1960 251 2000 fari
259 1961 325 2009 pessit
333 1970 381 2010 quae
390 1961 474 2005 sentiat,
485 1963 506 1998 et
514 1960 549 1999 cui

41 2015 122 2060 Gratia,
131 2014 196 2060 smne,
205 2012 305 2051 valetudo
313 2012 423 2060 contingat
430 2011 523 2057 abunde,
619 2012 642 2049 10

41 2065 69 2106 Et
78 2064 173 2107 mundus
180 2064 256 2108 ciebis,
266 2074 309 2102 non
318 2061 429 2101 deficiente
436 2063 552 2101 crumena?

41 2116 101 2155 luter
109 2122 170 2165 spem
177 2125 299 2162 curamque,
310 2115 396 2153 timores
405 2112 460 2151 inter
468 2117 490 2151 et
497 2112 545 2157 iras,

41 2167 134 2206 Omnem
142 2166 204 2204 crede
212 2166 269 2204 diern
279 2165 319 2203 tibi
327 2164 429 2204 diluxisse
438 2174 572 2214 supremum:

41 2218 108 2257 Grata
116 2217 257 2267 superveniet,
266 2226 315 2266 qua
323 2227 366 2257 non
374 2215 500 2265 sperabitur,
510 2216 569 2254 bora.
