1562 2568
97 163 135 201 214
266 162 293 204 0„
306 160 429 200 nonnuli
443 158 541 198 runccl

99 277 162 316 Nunc
170 277 299 320 tibicinibue.
308 287 368 315 nunc
374 280 406 314 eet
414 275 485 323 gavise
492 274 604 322 tregoedia:

99 329 143 367 Sub
151 329 233 367 nutrice
241 327 313 376 puelia
320 327 380 365 velut
387 327 406 364 ai
413 326 496 364 luderet
504 324 581 369 insane,

98 380 160 426 Quod
168 380 244 428 cupide
252 377 318 427 potiit.
328 381 411 415 mature
420 376 484 425 plena
491 375 584 424 reliquit.
660 376 697 413 100

98 430 155 476 Quid
161 429 231 479 piacet
237 432 273 467 aut
281 428 330 466 odio
336 432 374 473 est,
387 428 443 475 quod
452 438 495 465 non
502 424 605 465 mutabile
614 426 700 465 meinai

98 481 145 519 Hoc
152 491 215 528 paces
222 479 315 517 habuere
325 478 394 521 bonae.
403 477 504 525 ventique
512 476 606 515 secundi.

99 531 173 569 Romae
182 529 244 568 dulce
253 530 290 567 diu
301 529 343 566 fuit
350 533 372 567 et
381 528 468 568 solenne
477 527 560 566 reeluea

98 581 162 619 Mane
170 581 232 620 domo
240 579 334 628 vigilare,
342 579 415 617 clienti
423 589 519 628 promere
525 579 581 625 iura,

98 631 175 670 Cautes
183 631 304 669 nominibus
315 629 377 669 rectio
385 629 504 678 expendere
514 638 619 673 nummos,

99 682 190 730 Maiores
198 682 278 727 audire,
287 681 363 720 minori
372 681 448 723 dicere.
463 690 501 728 per
509 689 556 727 quae
631 689 644 719 .·

98 733 194 771 Crescere
203 743 236 771 ree
244 736 322 781 pomi,
331 732 400 770 minui
408 731 511 768 damnosa
519 728 593 766 libido.

100 783 191 821 Mutavit
199 788 293 823 mentem
301 782 391 832 populus
399 781 459 825 levia,
468 785 490 819 et
498 779 554 819 calet
562 789 606 817 uno

99 834 208 872 Scribeudi
216 834 298 873 studio:
312 833 415 883 puerique
422 836 535 880 patresque
543 830 611 868 severi

99 884 180 923 Fronde
186 884 423 924 comanvincticoenant.
430 886 452 920 et
459 882 554 920 carmina
562 880 651 918 dictent.
661 881 698 919 110

98 933 644 1031 iiiiiiiiiiiiiiiifftiiiiiiii‘w*

98 1008 106 1024 Ι
423 1009 428 1026 t

99 1037 154 1081 Sole,
162 1037 213 1085 vigil
221 1037 327 1076 calamum
337 1040 358 1074 et
366 1034 449 1073 chartae
457 1037 479 1071 et
486 1032 564 1073 scrinia
572 1041 643 1081 poeco.

99 1088 179 1126 Navem
188 1098 249 1136 agere
257 1088 343 1136 ignarus
349 1086 409 1124 navis
417 1085 490 1128 timet3
504 1083 631 1121 abrotonum
638 1093 696 1131 aegro
733 1098 737 1103 ·

98 1138 146 1176 Non
155 1139 225 1183 audet,
235 1139 276 1177 nisi
284 1138 321 1186 qui
329 1136 410 1181 didicit,
419 1135 480 1172 dare:
495 1133 551 1183 quod
560 1132 693 1172 medicorum

148 1192 186 1230 eet.

99 1239 227 1277 Promittunt
235 1239 311 1278 medici
320 1250 324 1280 ;
338 1238 431 1275 tractant
438 1234 523 1273 fabrilia
531 1232 586 1271 iabri
596 1246 600 1271 :

98 1289 213 1328 Scribimus
222 1290 302 1328 indocti
310 1289 408 1336 doctique
417 1289 515 1334 poemata
523 1283 609 1333 poesim.

98 1339 140 1378 1110
148 1351 204 1379 error
212 1345 284 1379 tomen
292 1344 314 1376 et
321 1339 373 1377 levio
379 1338 425 1376 haec
433 1336 523 1379 insania,
532 1338 624 1383 quantae

98 1389 191 1430 Virtutes
199 1391 284 1433 babeat,
292 1390 323 1427 nic
330 1388 417 1436 collige:
430 1387 484 1425 vatis
493 1396 568 1424 eramo

99 1440 146 1479 Non
160 1446 237 1480 temere
250 1445 283 1479 eat
294 1440 389 1494 animus:
403 1448 476 1476 vereua
488 1441 552 1479 amat.
567 1434 608 1473 hoc
624 1435 697 1474 studet

147 1502 228 1536 uuum;
659 1486 696 1524 iao
748 1516 752 1518 ,

99 1542 236 1581 Detrimenta.
245 1541 306 1589 sugas
314 1550 427 1581 servorum.
436 1536 608 1578 incendiarium

99 1592 146 1631 Non
154 1593 251 1632 naudem
263 1592 319 1630 socio
327 1601 418 1639 puerove
425 1588 527 1636 incogitat
534 1585 601 1624 uliam

98 1642 193 1692 Pupilio;
207 1643 260 1682 ririt
268 1641 351 1689 siliquis
359 1646 381 1678 et
388 1651 443 1689 pane
451 1639 545 1678 secundo
553 1649 558 1674 :

98 1693 181 1735 Militioe
191 1703 319 1743 quamquem
328 1691 386 1740 piger
394 1695 416 1729 et
423 1689 498 1733 malus,
508 1686 566 1727 utilio
574 1686 636 1726 urbi:

97 1744 119 1781 Si
127 1745 164 1784 dee
173 1745 219 1790 1100,
228 1745 297 1794 pervio
306 1753 390 1790 quoque
398 1742 461 1780 rebus
468 1750 546 1787 magna
552 1737 631 1786 iuvari,

97 1793 125 1832 Oa
133 1799 229 1834 tenemm
238 1794 298 1844 pueri
307 1792 435 1840 balbumque
444 1794 507 1839 poeto
514 1790 603 1838 figurat3

96 1844 189 1893 Torquet
197 1847 224 1883 ab
233 1843 337 1884 obscoenio
341 1845 387 1891 iam
395 1853 453 1880 nunc
465 1840 597 1879 sermonibus
605 1848 681 1877 aurem
689 1850 694 1881 ;

96 1894 148 1933 Mox
156 1896 221 1934 etiam
229 1901 302 1942 pectus
310 1893 420 1943 preceptis
427 1892 504 1929 scrinei
511 1889 592 1934 amicis,

96 1939 220 1994 1111110111ἂὶ1
229 1951 250 1985 ei
258 1945 344 1983 invidiae
353 1947 456 1982 corrector
464 1946 485 1980 et
492 1943 541 1983 irae:

97 1994 162 2035 Recte
171 1997 227 2035 iacta
235 1996 310 2040 referti
324 1994 414 2033 orientia
421 1998 517 2041 tempora
525 1990 581 2029 notia
659 1989 696 2029 100

95 2044 183 2085 instruit
191 2046 306 2095 exempiiei
320 2046 404 2093 inopem
412 2043 492 2083 solatur
500 2045 522 2081 et
529 2051 616 2090 aegrum.

96 2096 162 2135 Castis
171 2109 219 2136 cum
228 2097 299 2146 pueris
306 2098 380 2142 ignaro
392 2093 464 2144 puelle
471 2093 543 2131 mariti

96 2146 191 2186 Disceret
198 2149 255 2186 unde
261 2157 339 2196 preces,
349 2150 418 2184 ratem
427 2146 450 2183 ni
459 2144 522 2183 Musa
530 2141 637 2181 dediaeeii

96 2197 164 2236 Poscit
170 2210 232 2248 opem
241 2198 323 2242 chorus,
334 2199 355 2233 et
363 2195 475 2245 praesentia
484 2194 573 2232 numina
583 2191 659 2237 oentit;
