1562 2568
123 178 158 215 166
286 178 310 219 Q.
326 177 450 216 HORATlI
464 172 562 217 uiscci

121 292 194 340 Longa
202 294 279 341 quibus
287 293 351 331 iacies
357 293 402 330 oris
412 293 459 338 erit,
468 292 506 332 illa
512 298 627 341 memento,

123 342 151 381 Ut
160 345 215 382 succi
224 343 316 382 melioris
324 348 346 381 et
352 348 376 382 ut
383 344 450 391 magis
458 343 516 382 alma
524 345 628 390 rotundis,

123 394 214 432 Ponere:
230 405 321 441 namque
330 405 410 432 marem
418 394 519 433 cohibent
527 394 606 433 callosa
615 396 721 436 vitellum.

122 444 187 482 Caulo
195 445 323 489 suburbano,
333 445 371 492 qui
379 442 439 483 sic'cis
448 445 514 483 crevit
522 445 544 482 in
553 446 614 493 agris,

124 494 220 535 Dulcior:
235 495 313 542 irriguo
322 495 375 533 nihil
384 499 417 533 est
425 495 503 534 elutius
512 495 579 534 horto.

121 544 142 582 Si
152 546 283 593 vespertinus
290 546 360 583 subito
369 550 389 583 te
398 547 524 594 oppresserit
530 546 613 595 hospes,

122 595 155 633 Ne
163 594 243 642 gallina
250 595 330 634 malum
339 600 448 644 responset
454 597 508 634 dura
516 595 593 644 palato.

124 645 202 684 Doctus
210 646 251 683 eris
259 646 329 684 vivam
337 652 407 685 musto
416 658 508 685 mersare
517 646 617 690 Falerno:

123 696 171 734 Hoc
179 700 273 734 teneram
281 696 351 735 faciet.
378 697 514 736 Pratensibus
522 699 602 746 optima
610 697 684 747 fungis
698 701 722 739 20

123 746 205 785 Natura
213 750 256 784 est:
270 747 318 785 eliis
326 747 382 785 male
388 749 487 786 creditur.
514 747 553 786 llle
561 748 660 788 salubres

122 796 214 836 AEstates
222 803 313 846 peraget,
323 799 360 846 qui
368 799 433 845 nigris
441 799 530 845 prandia
537 800 602 837 moris

123 847 198 891 Finiet,
206 853 255 886 ante
262 860 347 897 gravem
355 859 403 897 quae
410 848 485 896 legerit
493 849 566 887 arbore
574 849 650 888 solem.

122 899 219 937 Aufidius
227 900 276 937 sorti
284 900 386 938 miscebat
394 899 459 937 mella
467 899 563 945 Falerno,

123 949 234 994 Mendose3
249 950 350 998 quoniam
359 950 431 988 vacuis
444 951 575 988 committere
585 950 646 989 venis

123 999 159 1037 Nil
168 1001 208 1038 nisi
217 999 265 1039 lene
273 1001 344 1039 decet:
360 1001 403 1038 leni
411 1001 528 1048 praecordia
533 1001 603 1039 mulso

123 1048 228 1090 Prolueris
236 1050 319 1090 melius.
346 1051 368 1089 Si
377 1052 430 1089 dura
439 1051 555 1089 morabitur
563 1050 631 1097 elusis,

123 1101 212 1140 Mitulus
221 1106 242 1140 et
250 1102 301 1140 viles
309 1101 390 1149 pellent
397 1100 503 1139 obstantia
511 1100 605 1146 conchae,

124 1152 151 1190 Et
159 1152 239 1200 lspathi
244 1153 313 1191 brevis
320 1152 393 1191 herba.
402 1153 438 1190 sed
446 1151 495 1190 albo
501 1163 544 1189 non
552 1153 599 1190 sine
607 1151 657 1191 Coo.

123 1201 622 1251 Lubricanascentesimplentconchyiialunae;
698 1205 721 1242 30

122 1253 163 1291 Sed
172 1265 214 1291 non
223 1265 285 1291 omne
291 1264 350 1292 mare
358 1259 390 1292 est
396 1263 503 1302 generosae
511 1252 580 1291 fertile
589 1257 657 1292 testae.

123 1303 204 1342 Murice
214 1305 293 1342 Baiano
301 1304 376 1343 melior
384 1304 474 1343 Lucrina
480 1303 569 1351 peloris:

121 1354 195 1392 Ostrea
204 1355 294 1399 Circeiis,
303 1355 385 1393 Miseno
393 1354 490 1393 oriuntur
498 1353 579 1397 echini3

121 1404 242 1443 Pectinibus
250 1404 329 1453 patulis
334 1407 401 1453 jactat
409 1416 431 1444 se
438 1404 503 1444 molle
512 1405 634 1442 Tarentum.

121 1454 166 1492 Nec
174 1455 214 1493 sibi
222 1465 330 1494 coenarum
339 1457 407 1504 quivis
415 1460 495 1494 temere
503 1459 585 1502 arroget
593 1459 670 1501 artem,

123 1505 170 1543 Non
179 1507 237 1553 prius
245 1511 321 1544 exacte
328 1508 388 1545 tenui
396 1508 477 1545 ratione
486 1516 592 1553 saporum.

120 1555 140 1593 N
141 1567 165 1593 ec
176 1557 226 1595 satis
234 1562 272 1600 est,
281 1567 330 1594 cara
338 1558 404 1605 pisces
413 1567 507 1595 everrere
516 1566 590 1594 mensa

121 1606 227 1654 Ignarum,
236 1607 314 1656 quibus
323 1613 355 1646 est
361 1609 396 1655 Jus
405 1608 481 1656 aptius,
491 1612 513 1645 et
521 1607 599 1654 quibus
608 1607 664 1645 assis

121 1657 242 1705 Languidus
250 1658 272 1695 in
281 1658 377 1696 cubitum
383 1660 429 1706 jam
437 1670 459 1696 se
468 1658 558 1695 conviva
565 1662 662 1705 reponet

121 1708 200 1746 Umber
208 1713 230 1746 et
237 1708 303 1756 iligna
311 1710 403 1747 nutritus
411 1708 488 1755 glande
496 1708 598 1746 rotundas
696 1709 721 1747 40

119 1758 196 1796 Curvet
204 1770 254 1808 aper
266 1758 338 1798 lances
346 1770 431 1797 carnem
439 1758 524 1797 vitantis
533 1758 634 1796 inertem:

120 1808 175 1848 Nam
183 1810 276 1848 Laurens
283 1809 352 1848 malus
358 1814 396 1855 est,
405 1810 460 1848 ulvis
469 1816 491 1847 et
499 1807 603 1847 arundine
613 1808 708 1857 pinguis.

119 1859 187 1899 Vinea
195 1860 302 1899 submittit
306 1871 393 1908 capreas
402 1871 444 1898 non
453 1870 536 1909 semper
544 1858 625 1897 edules.

118 1909 223 1949 Fecundae
229 1910 306 1959 leporis
314 1912 397 1959 sapiens
405 1910 520 1950 sectabitur
528 1919 605 1948 armos.

119 1960 214 2000 Piscibus
225 1966 290 2010 atque
299 1962 372 2000 avibus
381 1972 429 2009 quae
438 1966 515 1999 natura
523 1965 545 1998 et
556 1959 612 1998 foret
620 1963 682 2005 aetas,

118 2012 174 2048 Ante
184 2023 256 2049 meum
265 2011 320 2049 nulli
329 2013 399 2060 patuit
407 2013 497 2060 quaestta
505 2010 609 2059 palatum.

117 2061 176 2105 Sunt,
187 2072 278 2109 quorum
285 2062 395 2110 ingenium
409 2073 463 2101 nova
475 2065 559 2100 tantum
567 2060 666 2101 crustula
674 2072 721 2110 pro·

165 2111 211 2148 mit.

116 2160 256 2209 Nequaquam
264 2163 315 2201 satis
322 2163 372 2201 inre
380 2173 424 2201 una
432 2172 559 2202 consumere
568 2172 643 2202 cruam
651 2174 655 2199 :

116 2210 145 2248 Ut
151 2211 169 2249 si
177 2212 224 2259 quis
233 2212 302 2250 solum
312 2212 358 2259 hoc,
368 2213 426 2251 mula
434 2225 460 2251 ne
467 2214 510 2252 sint
517 2213 573 2258 vina,
583 2212 680 2260 laboret,
