1562 2568
115 184 152 222 222
254 182 279 224 Q.
294 181 416 221 nondun
431 180 530 220 runem

116 296 174 336 Dum
179 308 227 336 meu
235 297 341 337 delectent
348 296 405 335 meis
412 308 452 339 me.
462 295 495 334 vel
504 296 596 344 denique
603 296 688 342 iellunt,

115 348 185 389 Quem
193 360 266 398 sapere
276 348 364 396 etringi.
391 348 440 386 Fuit
446 347 505 386 haud
513 347 612 397 ignobilis
621 349 689 396 Argis,

114 399 158 444 Qui
165 410 188 438 se
196 399 295 437 credebat
302 399 366 437 miros
374 399 448 436 audire
454 397 567 446 trsgoedos,

115 449 141 488 In
150 460 217 489 veeuo
225 449 287 488 laetus
296 459 363 487 sessor
371 448 498 497 plausorque
506 448 598 492 theatrm
680 451 718 488 130

114 500 190 539 cetere
197 500 234 549 qui
242 499 291 537 vitse
300 504 392 537 servaret
399 500 473 537 munia
482 503 539 538 recto

115 551 187 595 More:
200 551 268 589 bonus
277 550 422 594 senevicinus,
431 548 528 588 amabilis
536 549 620 597 hospes,

114 600 184 639 Comis
193 601 215 638 iu
223 611 318 645 uxorem,
327 604 398 649 posset
406 601 442 648 qui
450 601 557 648 ignoscere
565 600 638 646 servis,

115 650 142 689 Et
149 651 209 699 signo
217 650 268 689 lreso
276 661 321 688 uon
330 651 422 689 inuenire
430 650 522 699 legerim

114 700 187 740 Posset
195 701 231 748 qui
240 711 315 749 rupem
324 706 346 739 et
354 705 443 749 puteum
451 702 517 739 vitere
525 704 641 750 petentem.

94 766 99 771 ·
113 750 155 789 Hic
164 751 221 790 ubic
263 756 346 789 storum
354 752 430 799 opibus
438 752 536 799 curisque
543 750 636 790 retectus

114 801 203 850 Expulit
210 761 318 840 hzffiooro
326 802 424 839 morbum
433 800 540 849 bilemque
546 812 636 846 meraco,

43 841 44 845 ¹
114 851 142 890 Et
149 852 204 890 redit
212 852 239 890 ud
247 863 299 897 sese,
310 854 323 873 “
331 851 374 897 Pol,
384 862 418 889 me
426 852 538 896 occidistis,
548 852 617 898 smici,

113 901 162 941 Non
170 903 275 947 semustis,
284 903 321 948 eit,
330 903 365 941 cui
373 902 404 940 sic
411 896 604 950 extorsevolupsas}

113 953 141 991 Et
149 954 233 992 demtus
241 965 278 1002 per
289 954 333 991 vim
341 954 417 992 mentis
425 952 557 1001 gratissimus
565 951 643 990 error.”
677 955 714 992 140

113 1002 220 1043 Nimirum
228 1015 302 1053 supere
310 1010 342 1043 est
349 1004 437 1051 abiectis
446 1003 498 1040 utile
507 1003 574 1051 nugis,

113 1053 141 1092 Et
148 1056 297 1104 tempestivum
305 1055 376 1103 pueris
385 1054 499 1092 concedere
507 1052 594 1098 ludum:

113 1103 195 1143 Aenon
204 1107 268 1144 verbs
276 1106 336 1154 sequi
343 1105 421 1143 fidibus
428 1104 559 1142 modulanda
568 1104 656 1150 Latinis,

112 1155 153 1193 Sed
161 1166 217 1194 verer
225 1167 367 1204 numerosque
375 1155 490 1203 modosque
500 1155 593 1193 ediscere
600 1155 659 1193 vitre.

112 1205 214 1251 Quocirca
222 1217 306 1246 mecum
314 1206 389 1255 loquor
396 1206 450 1251 hoec,
459 1206 579 1252 tacitusque
586 1207 698 1245 recordor:

112 1256 134 1294 si
142 1257 181 1295 tibi
190 1256 250 1294 nulls
257 1258 315 1296 sitim
324 1258 394 1295 finiret
402 1257 463 1305 eopia
470 1255 570 1304 lymphae,

112 1305 213 1346 Numeres
221 1308 319 1346 medicis:
334 1308 485 1356 quodquam
493 1305 555 1355 plurs
562 1307 648 1355 parasti,

111 1355 180 1395 Tanto
188 1357 250 1406 plurs
257 1359 323 1406 oupis,
333 1356 415 1395 nulline
423 1357 508 1395 faterier
515 1357 595 1396 uudesi

111 1407 133 1445 Si
142 1405 219 1446 vulnus
228 1409 267 1446 tibi
275 1412 391 1446 monstrate
400 1408 469 1446 radice
477 1406 511 1446 vel
523 1407 596 1452 herba,

112 1457 160 1496 Non
168 1459 228 1496 fleret
235 1457 309 1503 levius,
317 1458 401 1505 sugeres
409 1458 480 1497 radice
489 1456 522 1496 vel
530 1457 603 1503 herbe,
676 1460 712 1497 150

112 1507 236 1547 Proficiente
245 1508 307 1553 nihil,
315 1509 414 1547 eurarier.
441 1509 552 1550 Audieris.
561 1509 597 1546 eui

112 1557 167 1597 Rem
177 1558 205 1596 Di
213 1559 319 1603 donerint,
328 1558 361 1597 illi
369 1560 471 1597 decedere
479 1569 567 1608 pravam

110 1608 238 1655 sipiritum
253 1614 280 1655 et,
290 1621 357 1657 quum
366 1611 394 1649 111
403 1609 469 1648 nihilo
479 1609 601 1658 sapientior,
611 1620 639 1648 ex
647 1621 691 1657 quo

112 1658 196 1697 Plenior
204 1671 233 1705 es,
243 1664 314 1698 tumen
324 1661 389 1699 uteris
397 1661 537 1699 monitoribus
545 1660 626 1698 isdeml

111 1710 140 1748 At
148 1710 166 1748 si
176 1711 255 1749 divitior
264 1711 390 1759 prudentem
399 1711 487 1749 reddere
495 1715 587 1759 possent,

110 1756 133 1798 si
144 1761 245 1809 cupidum
255 1761 396 1810 timidumque
404 1762 475 1799 minus
484 1766 514 1804 ως
530 1771 606 1809 nempe
614 1761 709 1807 tuberes,

110 1809 196 1850 Viveret
203 1812 225 1849 in
235 1813 295 1850 terris
304 1816 324 1850 be
333 1813 351 1849 si
360 1812 407 1860 quis
416 1812 498 1850 avarior
508 1823 558 1850 uno.

39 1878 41 1885 ν
109 1860 132 1898 Si
140 1863 247 1910 proprium
253 1867 290 1908 est,
299 1863 355 1910 quod
363 1862 411 1910 quis
419 1862 473 1900 libra
481 1866 587 1900 mercatus
593 1864 664 1900 etoere
670 1866 710 1907 est,

108 1911 219 1957 Quadam,
229 1913 246 1955 si
255 1913 323 1951 credis
331 1913 439 1959 consultis,
448 1913 557 1960 mancipet
564 1923 626 1950 usus:

110 1962 152 2007 Qui
162 1967 182 2000 te
190 1964 320 2011 puscitsger,
330 1968 380 2001 tuus
390 1968 433 2007 est:
450 1967 471 2000 et
479 1962 564 2001 villicus
573 1961 632 2007 Orbi,
674 1965 710 2002 100

109 2012 180 2051 Quum
188 2017 268 2061 segetes
277 2017 342 2058 occet,
353 2014 392 2051 tibi
399 2025 450 2052 mox
458 2014 565 2052 frumento
572 2014 666 2057 daturos,

109 2061 139 2099 Te
148 2063 257 2101 dominum
266 2062 344 2101 sentit:
359 2065 397 2101 dus
406 2075 510 2107 nummos,
520 2064 599 2113 accipis
608 2074 679 2109 uvam,

109 2110 187 2157 Pullos,
197 2124 242 2155 ove.
252 2115 328 2152 cadum
337 2115 420 2152 temeti:
435 2126 512 2161 nempe
521 2115 584 2153 modo
591 2114 632 2152 isto
701 2138 704 2141 -

109 2161 214 2201 Paulatim
223 2166 322 2201 mercaris
331 2176 411 2213 agrum,
420 2166 508 2202 tortasse
517 2165 622 2207 trecentis,

109 2210 151 2248 Aut
161 2213 224 2250 etiam
234 2224 303 2260 supra,
316 2225 451 2253 nurumorurn
460 2216 555 2255 millibus
564 2219 653 2254 emtum.
