1562 2568
186 177 361 218 SATlRARUM
375 178 430 217 LlB.
441 178 473 217 ll.
601 180 635 218 1⁶1

46 293 105 339 Quld
112 293 182 339 refert,
192 294 272 339 morbo,
281 304 309 331 an
316 293 378 333 furtis
386 304 498 343 pereamve
505 293 599 343 rapinisl

46 345 152 390 Quisnam
167 345 232 393 igitur
247 346 324 383 sanus?
356 346 398 391 Qui
414 356 457 383 non
473 344 558 384 stultus.
589 344 646 385 Quid

96 397 186 433 evanui

19 448 20 497 ζ
47 444 130 484 Stultus
138 449 160 483 et
167 446 261 484 insanus.
288 446 357 490 Quid?
371 446 388 484 si
398 446 445 494 quis
454 457 497 485 non
505 444 533 484 sit
540 455 623 490 avarus,

19 500 20 547 l
47 495 238 534 Continuosanusi
265 496 361 535 Minime.
387 497 435 543 Cur,
445 497 527 536 Stoicel
555 495 636 534 Dicam.

47 546 96 585 Non
106 550 138 584 est
145 547 260 591 cardiacus,
269 547 387 592 (Craterum
393 548 472 586 dixisse
479 547 570 596 putato.)
610 547 643 585 161

47 596 89 636 Hic
97 607 161 645 aeger.
188 596 254 635 Recte
262 600 294 635 est
301 597 371 645 igitur,
380 599 507 645 surgatque?
533 597 553 635 N
554 597 636 645 agabit3

47 647 110 688 Quod
118 647 174 686 latus
182 653 220 685 aut
227 657 288 685 renes
295 648 369 685 morbo
376 652 485 686 tententur
493 652 562 686 acuto.

48 698 97 737 Nou
107 699 246 746 estperjurus.
256 708 325 745 neque
333 698 441 737 sordidus:
455 698 550 738 immolet
557 697 625 747 aequis

47 748 89 787 Hic
98 759 185 797 porcum
197 748 292 786 Laribus.
319 747 527 788 Verumambitiosus
533 753 555 787 et
561 749 644 788 audax:

48 798 140 847 Naviget
148 799 271 846 Anticyram
279 809 283 834 :
297 798 349 845 quid
357 798 414 836 enirn
422 798 498 843 differt,
507 799 633 838 barathrone

19 866 20 869 ¹
47 848 126 895 Dones,
137 849 238 896 quicquid
245 847 324 891 habeor
337 859 480 896 aununquam
487 852 547 887 utare
553 850 645 898 paratisl

47 900 133 938 Servius
142 899 245 948 Oppidius
254 896 332 937 Canusi
340 899 383 936 duo
391 898 477 948 praedia,
487 899 545 937 dives

47 951 144 998 Antiquo
152 961 223 995 censu,
233 949 288 987 uatis
296 947 373 987 divisse
381 949 464 987 duobus

48 1000 130 1045 Fertur,
140 1004 162 1038 et
168 1000 216 1039 brec
224 1000 316 1039 moriens
324 999 395 1048 pueris
403 999 482 1038 dixisse
490 999 569 1038 vocatis
608 999 645 1040 170

48 1052 82 1090 Ad
89 1051 182 1090 lectum:
197 1050 310 1099 Postquam
319 1054 340 1088 te
349 1050 408 1094 talos,
419 1049 480 1095 Aule,
489 1060 596 1098 nucesque

49 1102 111 1141 Ferre
120 1102 169 1140 sinu
176 1101 232 1146 laxo,
244 1102 322 1139 donare
331 1105 353 1138 et
358 1101 432 1139 ludere
439 1100 494 1145 vidi;

49 1153 85 1197 Te,
96 1152 174 1196 Tiberi,
184 1163 301 1197 numerare,
311 1152 368 1190 cavis
376 1151 505 1189 abscondere
513 1150 606 1190 tristem:

49 1202 153 1248 Extimm,
163 1213 189 1241 ne
197 1213 234 1241 vos
242 1202 407 1251 ageretvesania
415 1201 504 1247 discors;

49 1254 82 1294 Tu
91 1254 257 1298 Nomentanum,
266 1257 291 1291 tu
299 1264 326 1291 ne
334 1263 445 1301 sequerere
452 1252 554 1291 Cicutam.

47 1305 120 1351 Quare
128 1314 166 1352 per
174 1304 232 1342 divos
240 1307 311 1342 oratus
319 1310 407 1352 uterque
415 1306 509 1352 penates,

49 1356 82 1395 Tu
90 1365 148 1398 cave,
158 1365 184 1392 ne
192 1354 286 1398 minuas3
300 1358 330 1399 tu,
341 1366 367 1392 ne
376 1355 445 1402 maJ'us
453 1353 518 1392 facias
526 1353 555 1399 id,

20 1418 21 1433 ¹
49 1406 112 1452 Quod
121 1405 172 1444 satis
182 1416 227 1443 esse
234 1408 296 1453 putat
304 1409 370 1454 pater,
380 1411 402 1443 et
410 1409 486 1443 natura
494 1407 583 1444 coercet.

20 1466 21 1475 ¹
49 1456 161 1500 Praeterea,
171 1466 197 1493 ne
206 1466 242 1493 vos
251 1455 323 1494 titillet
330 1455 403 1504 gloria,
409 1457 467 1504 Jure-

20 1530 21 1549 ,
49 1507 146 1546 Jurando
157 1506 286 1553 obstringam
295 1507 370 1544 ambo:
385 1509 432 1545 uter
439 1505 514 1552 sedilis,
521 1505 611 1545 fueritve

49 1555 149 1596 Vestrum
158 1560 241 1604 pretor,
253 1555 271 1594 is
279 1555 406 1595 intestabilis
414 1561 436 1595 et
443 1567 503 1595 sacer
509 1561 561 1596 esto.
613 1557 647 1595 181

49 1606 75 1645 In
83 1608 152 1646 cicera
161 1610 224 1655 atque
232 1605 282 1644 faba
291 1606 346 1645 bona
354 1611 379 1645 tu
386 1608 503 1656 perdasque
512 1606 598 1656 lupinis,

50 1658 116 1696 Latus
125 1657 179 1695 utin
188 1657 243 1694 circo
251 1657 347 1704 spatiere,
356 1662 378 1695 et
386 1668 464 1696 aeneus
473 1661 497 1695 ut
504 1661 553 1703 stes,

50 1708 127 1747 Nudus
135 1708 196 1754 agris,
207 1707 276 1744 nudus
284 1708 384 1751 nummis,
391 1708 472 1752 insane,
481 1707 587 1756 paternis?

50 1759 141 1804 Scilicet,
151 1762 176 1795 ut
183 1756 277 1805 plausus,
286 1768 339 1805 quos
345 1757 387 1796 fert
394 1758 494 1807 Agrippa,
503 1757 558 1797 feras
567 1762 597 1804 tu,

50 1811 128 1848 Astuta
136 1809 252 1855 ingenuum
260 1807 334 1857 vulpes
342 1808 426 1846 imitata
434 1807 518 1847 leonem
525 1810 533 1846 l

51 1859 83 1898 Na
92 1860 141 1908 quls
149 1858 249 1897 humasse
257 1857 309 1896 velit
317 1859 411 1907 Ajacem,
421 1858 502 1904 Atrida,
510 1862 570 1897 vetas
578 1859 629 1898 curi

51 1909 99 1949 Rex
107 1920 163 1948 sum.
190 1908 227 1947 Nil
235 1908 291 1947 ultra
299 1919 372 1957 quaero
380 1908 483 1958 plebeius.
511 1908 630 1958 Etaequam

51 1959 106 2000 Rem
115 1959 225 2008 imperito:
240 1963 268 2003 at,
279 1960 340 1998 sicui
349 1960 553 2007 videornonJustus,
563 1960 632 1999 inulto

51 2011 134 2057 Dicere,
144 2011 201 2058 quod
210 2010 282 2054 sentis,
291 2010 395 2059 permitto.
414 2010 510 2049 Maxime
519 2021 599 2059 regum,
614 2012 651 2051 iso

51 2061 79 2100 ut
87 2062 128 2100 tibi
137 2061 188 2099 dent
196 2064 258 2109 capta
266 2059 354 2099 classem
363 2061 463 2099 reducere
472 2060 545 2108 Trojal

52 2111 107 2161 Fsgo
115 2111 231 2157 consulere,
241 2116 263 2149 et
270 2121 321 2149 mox
329 2113 455 2160 respondere
463 2111 549 2150 licebitl

52 2161 150 2201 consule.
177 2162 218 2201 Cur
227 2162 283 2210 Alex
290 2162 352 2201 heros
362 2163 389 2201 ab
398 2160 480 2201 Achille
489 2163 594 2204 secundus

52 2212 163 2259 Putrescit,
171 2213 234 2252 toties
242 2212 411 2254 servatisclarus
419 2213 519 2253 Achivis?

506 2267 554 2312 Η
