1520 2572
121 149 156 186 1³6
279 147 304 187 0.
319 145 443 185 Hortarii
457 146 555 185 raacci

22 266 50 311 st
119 262 150 300 Ac
158 261 229 303 mulae.
239 265 353 310 urumque
361 265 431 310 caput,
440 261 567 310 lumbosque
575 262 659 313 saligno

27 308 56 359 ζ.
71 292 95 353 J
119 312 183 352 Fusio
191 313 258 351 dolat:
275 317 352 360 quarta
359 313 396 350 vix
403 313 490 351 demum
497 314 629 361 exponimur
636 314 695 354 hora.

81 358 88 421 j
119 364 167 408 Ora,
176 374 294 412 manusque
302 366 339 400 tua
347 363 444 409 lavimus,
454 363 549 409 Feronia,
559 362 658 413 lympha.

119 413 190 452 Miiiia
198 417 243 452 tum
251 408 322 463 pran'si
331 414 371 452 tria
378 414 478 463 repimus,
487 418 551 461 atque
560 415 660 456 subimus

119 464 244 513 Impositum
253 465 309 503 saxis
317 463 360 502 iate
369 464 508 503 candentibus
518 465 602 503 Anxur.

119 515 168 553 Huc
176 512 276 554 venturus
287 518 332 553 erat
341 514 447 554 Maecanas
455 514 554 563 optimus,
564 520 632 564 atqua

119 566 218 604 Cocceius
225 578 230 611 ;
245 566 304 604 missi
312 565 394 613 magnis
402 565 428 604 (ie
437 566 499 604 rebus
507 570 598 615 uterque

119 616 199 665 Legati,
209 626 290 655 aversos
298 615 354 655 soliti
363 626 487 665 componere
496 616 582 654 amicos.

119 666 161 705 Hic
170 667 236 706 ocuiis
244 678 283 715 ego
290 666 350 714 nigra
357 667 410 704 meis
418 665 505 715 collyria
513 666 585 715 lippus
695 670 719 706 30

119 716 213 756 illinere.
240 717 324 755 interea
333 717 439 756 Maecenas
447 716 539 762 advenit,
551 722 618 765 atqua

120 767 225 813 Cocceius,
236 767 351 816 Capitoque
359 767 423 806 simui
432 768 538 812 Fonteius,
548 769 576 806 ad
584 779 682 817 unguem
717 805 722 813 ,

120 817 197 857 Factus
205 817 275 862 homo,
285 817 372 864 Antoni,
381 829 424 856 non
432 822 457 856 ut
463 818 531 866 magis
539 818 600 864 alter,
612 820 701 858 amicus.

120 867 205 907 Fundos
214 868 298 907 Aufidio
307 868 375 907 Lusco
383 873 472 917 praetore
481 869 573 907 libenter

120 918 251 967 Linquimus,
261 919 331 957 insani
339 919 432 957 ridentes
440 919 528 968 praemia
537 920 621 965 scribac,

121 967 255 1014 Praetextam,
264 973 286 1007 et
293 969 361 1007 iatum
369 969 459 1015 clavum,
468 980 585 1018 pruuaeque
595 970 702 1009 batillum.

122 1020 147 1058 ln
158 1020 312 1058 Mamurrarum
320 1018 371 1058 lassi
379 1020 455 1057 deinde
464 1020 515 1058 urbe
522 1031 643 1068 manemus,

122 1070 218 1109 Muraena
226 1070 333 1118 praebente
342 1070 436 1115 domum,
446 1071 546 1119 Capitone
555 1070 660 1110 culinam.

121 1120 207 1159 Postera
215 1120 254 1158 lux
261 1121 327 1158 oritur
334 1120 402 1158 multo
410 1120 541 1168 gratissima:
557 1131 654 1170 namque

121 1170 202 1210 Plotius
210 1176 232 1209 et
241 1171 317 1209 Varius
327 1169 439 1215 Sinuessae,
449 1170 593 1220 virgiliusque
697 1173 721 1211 40

121 1221 246 1260 Occurrunt:
262 1221 346 1267 animae,
357 1221 430 1268 quales
438 1231 506 1269 neque
515 1222 652 1260 candidiores

121 1270 186 1310 Terra
194 1271 250 1315 tulit,
259 1282 329 1319 neque
337 1272 397 1320 queis
405 1282 439 1309 ma
448 1272 475 1309 sit
483 1271 601 1310 devinctior
607 1271 671 1311 aiter.

122 1320 140 1360 0
148 1322 185 1370 qui
193 1321 325 1370 complexuri
340 1327 362 1359 et
369 1322 447 1370 gaudia
455 1326 535 1370 quanta
543 1321 645 1361 ruerunt!

122 1371 158 1410 Nil
167 1383 205 1420 ego
214 1372 339 1410 contulerim
345 1373 440 1420 jucundo
449 1383 512 1411 sanus
521 1372 597 1410 amico.

122 1421 221 1465 Proxime
229 1423 336 1471 Campano
344 1423 404 1471 ponti
412 1433 460 1472 quoe
468 1422 548 1466 villuia,
557 1427 641 1461 tectum
710 1438 712 1443 ·
746 1462 754 1471 ,

122 1472 223 1517 Praebuit,
231 1477 259 1518 et,
267 1472 354 1521 parochi
360 1484 409 1521 quae
418 1473 501 1517 debent,
511 1473 569 1522 ligna
577 1472 697 1523 salemque.

122 1522 179 1562 Hinc
188 1522 241 1561 muii
250 1525 327 1572 capuae
334 1523 424 1563 clitellas
433 1529 526 1572 tempore
534 1529 625 1572 ponunt.

122 1574 202 1612 Lusum
211 1574 228 1611 it
237 1574 349 1619 Maecenas,
359 1574 473 1613 dormitum
482 1585 520 1622 ego
530 1574 690 1623 virgiliusque:

122 1624 220 1673 Namque
229 1624 273 1674 pila
281 1624 343 1674 lippis
352 1625 463 1663 inimicum
472 1628 494 1662 at
501 1625 574 1663 ludere
584 1626 663 1664 erudis.
753 1626 754 1629 ’

123 1675 180 1714 Hinc
188 1686 225 1713 nos
234 1675 317 1714 Cocceii
324 1675 400 1723 recipit
407 1674 531 1723 plenissima
539 1674 598 1719 viiia,
698 1677 723 1713 50

123 1725 176 1772 Quae
185 1729 288 1774 superest
297 1726 364 1764 Caudi
373 1735 486 1774 cauponas.
513 1725 576 1764 Nunc
585 1725 641 1763 mihi
648 1726 722 1775 paucis

123 1776 229 1815 Sarmenti
238 1786 315 1814 scurras
324 1787 416 1824 pugnam
426 1774 533 1823 Messique
543 1775 623 1822 Cicirri,
752 1810 753 1815 ,

124 1827 193 1873 Musa,
202 1826 267 1866 veiim
275 1837 389 1871 memores;
403 1831 425 1864 et
433 1837 475 1873 quo
481 1830 541 1874 patre
550 1831 614 1865 iratus
623 1830 713 1877 uterque

123 1876 241 1916 contulerit
248 1877 302 1915 lites.
330 1877 395 1915 Messi
403 1877 484 1915 ciarum
492 1887 559 1925 genus
568 1876 618 1914 Osci
626 1889 631 1921 3

123 1928 228 1966 Sarmenti
236 1929 322 1966 domina
330 1931 406 1967 exstat.
433 1927 466 1965 ab
474 1927 509 1969 his
517 1926 637 1975 majoribus
645 1929 685 1967 orti

124 1978 158 2015 Ad
166 1988 259 2026 pugnam
267 1972 350 2016 venere.
378 1978 436 2016 Prior
445 1978 580 2016 Sarmentus:
599 1978 656 2027 Equi
664 1984 686 2016 to
751 1972 752 2017 i

125 2027 175 2064 Esse
183 2027 222 2064 feri
231 2027 322 2065 similem
331 2028 384 2065 dico.
412 2027 527 2066 Ridamus:
545 2028 621 2076 etipse

125 2076 221 2119 Messius,
231 2077 329 2124 Accipio;
344 2080 408 2126 caput
415 2082 438 2116 st
445 2082 526 2116 movet:
544 2078 569 2123 0,
578 2084 618 2117 tua
626 2090 692 2119 cornu

125 2124 153 2163 Ni
161 2125 215 2162 foret
223 2130 307 2164 exsecto
315 2125 373 2164 frons
381 2128 469 2175 (inquit)
476 2128 528 2175 quid
536 2126 625 2174 iaceres,
634 2140 684 2169 cum

125 2174 158 2212 Sic
164 2174 251 2213 mutilus
260 2175 375 2215 miniteris?
402 2177 429 2214 At
439 2177 471 2215 iiii
480 2178 538 2216 foeda
546 2179 636 2219 cicatrix
699 2182 722 2219 6⁰

236 2248 245 2267 Ι
