1504 2564
129 182 133 190 '
185 177 346 218 CARMINUM
359 179 413 218 LIB.
428 180 469 219 111.
598 185 623 221 63

76 295 97 339 l,
110 294 175 343 pedes
183 304 226 343 quo
234 298 254 333 te
262 295 348 342 rapiunt
355 298 377 333 et
385 304 449 340 anrae,

78 345 135 383 Dum
143 344 201 384 favet
209 356 252 383 nox
260 349 282 383 et
290 345 373 384 Venus:
387 346 395 383 i
403 347 496 385 seeundo

74 395 164 434 Omine:
178 400 201 434 et
209 395 276 434 nostri
283 406 397 434 memorem
406 396 502 446 sepulcro

226 445 420 495 Sealpequerelamt

264 621 322 660 ODE
335 622 386 661 XII.

233 723 268 761 An
283 723 422 763 Neonnnns.

28 800 178 840 Missurum
192 802 229 844 est,
243 810 313 847 neque
322 799 395 838 Amori
403 799 452 838 dere
460 799 542 848 ludum,
552 788 621 852 nesius

74 850 132 889 dulei

27 901 83 939 Mala
91 901 141 939 vino
149 899 231 937 lavere:
245 903 283 938 aut
291 900 409 938 exanimari
416 903 535 941 metuentes

26 951 107 990 Patruae
116 951 203 989 verbera
211 950 298 998 linguae,
324 951 372 989 Tibi
380 950 469 999 qualum
478 952 586 1000 Cythereae

27 1001 78 1041 Puer
86 1002 137 1046 ales,
147 1001 186 1038 tibi
193 1000 253 1045 telas,
262 1011 397 1049 operosaeque
406 1001 508 1040 Minervae

26 1052 122 1092 Studium
131 1051 206 1095 aufert,
218 1051 322 1097 Neobule,
332 1051 423 1099 Liparaei
432 1052 487 1090 nitor
496 1053 573 1092 Hebri:

25 1102 90 1142 Simul
100 1106 175 1141 unetos
184 1101 288 1140 Tiberinis
295 1102 394 1140 humeros
402 1101 455 1140 lavit
462 1103 484 1140 in
492 1104 562 1150 undis,

27 1153 94 1203 Eques
104 1154 149 1202 ipso
159 1151 234 1190 melior
244 1152 412 1202 Bellerophonte,
422 1164 491 1201 neque
500 1165 571 1203 pugno

27 1202 98 1253 Neque
107 1203 167 1253 segni
176 1204 229 1251 pede
237 1203 305 1242 victus
313 1216 318 1241 :
332 1207 392 1242 entus
400 1204 457 1251 idem
464 1215 501 1253 per
509 1210 606 1254 apertum

27 1254 136 1304 Fugientes
145 1254 225 1302 agitato
233 1265 294 1301 grege
303 1265 375 1293 cervos
381 1254 477 1303 jaculari,
487 1258 508 1293 et

24 1304 82 1345 Celer
90 1305 134 1344 alto
143 1304 262 1345 latitantem
271 1304 369 1345 fruticeto
377 1305 473 1354 excipere
482 1316 563 1355 aprum.

227 1524 229 1529 Ι
251 1467 310 1507 oon
322 1467 385 1508 xm„

163 1568 198 1606 An
212 1567 311 1607 Forsrnm
325 1569 477 1610 Bsnnosmir.

70 1644 89 1683 0
99 1654 157 1683 ross
166 1643 289 1690 Bandusiae,
298 1644 427 1693 splendidior
433 1646 493 1693 vitro,

71 1694 135 1734 Dulei
144 1695 207 1743 digne
215 1704 280 1739 mero,
289 1705 332 1732 non
339 1695 386 1734 sine
395 1697 489 1742 floribus,

95 1746 146 1785 cras
155 1744 266 1784 donaberis
274 1743 342 1790 haedo,

121 1796 160 1835 cui
168 1796 228 1834 frons
236 1795 320 1843 turgide
327 1796 426 1834 cornibus

68 1846 147 1885 Primis
155 1850 177 1884 et
185 1845 289 1884 Venerem
297 1849 319 1884 et
326 1846 402 1895 proelia
412 1847 515 1886 destinat:

67 1897 168 1936 hustrn:
182 1907 234 1935 nnm
240 1896 321 1944 gelidos
329 1896 409 1935 inficiet
417 1898 457 1936 tibi

96 1947 172 1987 Rubro
181 1947 283 1995 sanguine
292 1947 347 1986 rivos

120 1998 203 2037 Lascivi
211 1997 295 2036 suboles
302 1998 377 2046 gregis.

67 2048 100 2088 ‘l'e
107 2049 217 2097 flagrantis
225 2051 286 2087 atrox
293 2049 346 2087 hore
354 2048 461 2088 canicule

68 2099 144 2138 Nescit
151 2103 248 2146 tangere:
262 2103 286 2138 tu
294 2100 360 2149 frIgus
368 2100 461 2139 amabile

94 2150 165 2189 Fessis
174 2160 255 2188 vomere
263 2152 330 2189 tauris

119 2200 212 2247 Praebes,
225 2204 247 2239 et
254 2202 324 2250 pecori
331 2213 391 2250 vago.
