1520 2572
112 195 149 234 124
262 193 287 234 Q.
301 190 424 231 nourrii
437 190 536 230 Pulcer

113 308 242 358 Respondet
267 307 375 346 Laudatur
383 308 410 345 ab
417 306 458 352 his,
467 305 566 355 culpatur
573 307 662 348 abillis.

113 359 206 398 Fufidius
214 368 288 407 vappae
299 359 379 396 tamam
386 357 447 396 timet
455 367 479 395 ac
488 356 608 403 nebulonis.

113 410 177 449 Dives
185 410 245 457 agris,
254 409 312 447 dives
320 408 393 457 positis
400 408 423 446 ln
431 407 511 446 ioenore
519 409 621 455 nummis,

112 460 193 506 Quinas
201 459 236 498 hic
244 459 309 508 capiti
316 458 423 497 mercedes
431 461 523 503 exsecat,
532 463 597 506 atque

113 511 198 556 Quanto
205 510 307 558 perditior
316 510 405 558 quisque
413 513 451 553 est,
460 512 520 546 tanto
527 509 598 548 scrius
607 513 676 557 urget

113 561 206 599 Nomina
214 565 307 598 sectam
314 559 378 597 modo
385 563 456 597 sumta
463 562 521 597 veste
528 558 585 596 virili

113 611 157 649 Sub
165 611 260 659 patribus
269 610 327 649 duris
335 610 435 648 tironum.
461 608 563 654 Maxime,
573 609 621 657 quis
630 620 681 653 non.

112 661 202 709 Jupiter,
211 660 323 705 exclamat,
332 659 468 708 simulatque
475 658 571 696 andivitt
598 659 657 698 Atin
664 670 687 698 se

113 711 153 750 Pro
162 716 245 759 quaestu
256 715 350 749 sumtum
357 710 409 748 facit
416 710 459 747 hic.
484 708 527 747 Vix
535 709 621 748 credere
629 710 703 758 pom,

113 762 182 807 Quam
190 761 231 800 sibi
239 772 282 799 non
290 762 318 799 sit
325 761 417 804 amicus;
431 760 461 798 ita
469 763 494 797 ut
502 764 562 808 peter
570 758 615 805 ille,
625 759 712 799 Terenti

113 811 195 851 Fabula
203 822 266 860 quem
274 812 376 849 miserum
382 814 447 859 gnato
454 810 532 848 vixisse
539 809 613 858 fugato
687 811 710 849 21

114 862 204 908 inducit
215 873 258 900 non
266 872 289 900 ee
295 863 355 911 peJus
363 861 488 900 cruciaverit
494 865 558 907 atque
566 859 609 898 hic.

113 913 135 951 ei
143 914 191 961 quis
199 924 256 951 nuno
264 916 352 960 querat,
361 912 409 957 Quo
416 922 450 950 res
457 911 504 949 haec
512 910 618 959 pertinet!
632 910 685 950 illue
693 922 698 948 :

114 963 171 1001 Dum
178 963 247 1001 vitant
254 962 314 1001 stulti
320 963 378 1008 vitia,
388 962 411 1000 in
419 961 524 1001 contraria
532 965 626 1000 eununt

114 1013 232 1052 Malthinus
240 1013 317 1052 tunicis
326 1012 422 1051 demissis
431 1011 538 1056 ambulen
558 1011 636 1059 estqui

114 1063 195 1111 luguen
202 1065 229 1102 ad
237 1065 352 1102 obscenum
361 1063 470 1102 subductis
478 1073 545 1109 usque
553 1061 643 1101 facetus.

114 1113 211 1153 Pastillos
221 1113 312 1153 Rufillus
320 1114 370 1159 olet,
381 1113 498 1161 Gargonius
506 1112 597 1151 hircum.

114 1164 151 1203 Nil
158 1164 253 1203 medium
261 1171 299 1204 est.
320 1165 380 1209 Sunt,
390 1162 598 1212 quinolinttetigisse
608 1161 710 1207 nisiillns.

113 1214 209 1260 Quarum
217 1216 305 1254 subsuta
313 1214 367 1253 talos
375 1218 433 1263 tegat
440 1214 513 1252 instita
521 1219 579 1252 veste
587 1225 593 1259 ς

114 1265 191 1304 contro
198 1264 253 1304 elius
261 1264 350 1311 nullam,
360 1265 401 1303 nisi
409 1264 479 1304 olente
487 1264 510 1302 in
518 1263 598 1303 iorniee
607 1268 707 1303 stantem.

114 1314 204 1356 Quidam
213 1321 275 1354 notus
284 1316 348 1354 homo
356 1327 423 1365 quum
431 1315 499 1353 exiret
507 1313 594 1361 tomice,
605 1315 676 1354 Macte
687 1314 709 1353 31
742 1352 743 1357 ,

114 1365 197 1404 Virtute
204 1370 254 1411 esto,
260 1367 330 1415 inquit
338 1367 443 1404 sententia
451 1365 487 1403 dia
495 1365 580 1404 Catonia
588 1377 593 1409 ς

114 1415 170 1454 Nam
178 1416 242 1455 simul
250 1427 275 1454 ae
283 1427 348 1455 venas
356 1416 439 1455 inflavit
448 1419 501 1454 tetre
509 1415 583 1459 libido,

114 1465 163 1504 iiuc
168 1467 256 1514 juvenes
264 1478 350 1516 aequum
358 1470 391 1505 est
399 1465 532 1511 descendere,
540 1476 584 1504 non
592 1465 677 1505 alienes
742 1470 743 1473 ’

115 1515 233 1555 Permolere
242 1528 326 1556 uxores.
353 1517 424 1555 Nolim
432 1515 543 1561 laudarier,
553 1515 631 1564 inquit,

115 1566 148 1605 Sin
156 1578 197 1613 me,
205 1568 292 1606 mirator
299 1568 364 1607 cunni
372 1567 501 1616 Cupiennius
509 1565 560 1604 albi.

115 1617 194 1656 Audire
203 1623 235 1656 est
242 1628 311 1666 operae
320 1618 417 1666 pertium.
427 1617 539 1667 procedere
547 1619 605 1654 recte

115 1668 157 1713 Qui
164 1668 253 1707 moechis
262 1680 304 1706 non
312 1668 383 1713 vultis,
392 1672 417 1706 ut
425 1668 483 1706 omni
491 1671 550 1716 parte
556 1665 663 1713 luberent,

115 1719 186 1767 thue
195 1719 238 1758 illis
244 1719 312 1757 multo
320 1723 418 1767 corrupta
426 1718 497 1757 dolore
505 1717 611 1766 voluptas,

114 1769 185 1818 Atque
193 1769 240 1808 heec
248 1780 295 1807 rara
303 1771 366 1808 cadat
373 1770 427 1807 dure
434 1769 490 1807 inter
502 1778 559 1816 saepe
568 1767 657 1816 pericla.
689 1770 713 1806 lo

115 1820 157 1859 liic
165 1832 188 1859 se
196 1819 327 1869 precipitem
335 1824 391 1858 tecto
400 1820 468 1863 dedit;
482 1818 519 1856 ille
527 1817 619 1866 flagellis

115 1871 149 1909 nd
157 1877 246 1909 mortem
254 1880 332 1915 caesus;
345 1870 428 1918 fugiens
436 1869 471 1907 hio
479 1868 559 1908 decidit
567 1879 640 1908 acrem

116 1921 243 1960 Praedonum
251 1920 274 1959 in
283 1921 378 1966 turbam3
396 1921 455 1959 dedit
462 1920 497 1958 hie
505 1930 543 1968 pro
551 1930 642 1969 corpore
653 1931 714 1959 nunr-

164 1982 222 2015 moe;

115 2021 179 2059 Hunc
186 2022 347 2069 perminxerunt
355 2020 450 2065 calones;
467 2020 519 2068 quin
527 2021 593 2058 etiem
602 2019 659 2060 iilud

116 2071 204 2115 Accidit,
213 2076 238 2108 ut
246 2071 331 2109 cuidam
338 2075 402 2110 testes
409 2071 542 2119 caudamque
550 2071 646 2110 salacem

117 2120 329 2158 Demeteretierrum.
356 2120 407 2159 Jure
414 2131 498 2158 omnes:
513 2120 583 2159 Galba
591 2123 690 2170 negabat.

116 2169 190 2208 Tutior
198 2175 220 2207 nt
228 2175 308 2217 quanto
316 2181 376 2208 merx
384 2176 416 2209 est
424 2171 445 2208 in
454 2170 521 2209 classe
531 2173 640 2211 secunda!

117 2217 271 2256 Libertinnrum
280 2221 332 2266 dico,
344 2221 453 2259 Sallustius
461 2221 484 2259 in
493 2232 546 2269 quas
