1520 2572
190 235 361 275 samaritum
374 237 429 276 ΗΒ.
440 236 469 275 11.
593 239 628 275 lta

29 351 117 395 Diserte,
128 358 171 388 non
178 350 234 390 inter
241 350 311 391 lancee
319 362 402 392 mensae
418 363 445 391 ue
453 351 552 396 nitentes,

27 402 102 447 Quum
111 404 182 449 stupet
190 401 268 441 insanie
276 404 332 442 acies
340 403 465 452 fulgoribus,
475 407 497 441 et
504 413 571 451 quum

27 450 126 490 Adelinie
134 450 192 490 falsie
200 453 284 492 unimue
292 454 380 494 meliora
387 457 481 499 recusat3

6 510 7 513 ’
28 501 110 540 Verum
122 501 157 540 hic
165 503 266 551 impransi
274 516 358 545 mecum
366 505 484 554 disquirite.
511 503 614 542 Curhoel

28 551 113 596 Dicam,
123 553 141 590 ei
149 557 228 601 potero.
256 555 313 593 Male
321 568 395 595 verum
403 556 513 593 examinat
521 556 590 594 omnis

27 603 144 651 Corruptus
150 604 224 652 judex.
250 604 352 654 Leporem
360 611 457 651 eeetetue,
467 616 547 654 equove

27 653 107 692 Laeaue
114 654 142 691 ab
148 655 260 699 indomito,
270 655 310 701 vel,
319 658 337 696 ei
346 658 443 695 Romana
450 656 525 704 fatigat
605 656 629 696 10

30 704 110 744 Militia
118 705 232 742 adsuetum
242 706 332 744 Groeeari
341 708 388 752 (eeu
394 706 439 755 pila
446 706 515 752 velox,

29 755 124 794 Molliter
133 759 242 793 austerum
250 756 320 793 studio
328 757 414 795 fallente
421 756 521 802 laborem,

28 805 70 844 Seu
79 810 100 844 te
109 806 181 843 discus
190 805 239 851 egit,
248 809 296 853 pete
304 808 414 845 cedentem
423 817 472 845 aera
481 807 552 853 diaeo),

8 884 10 889 -
29 857 101 898 Quum
109 856 171 893 labor
178 856 286 893 extuderit
293 856 384 901 fastidia,
394 857 468 902 eieeue,
477 856 553 903 inanis,

29 907 108 956 Sperne
117 906 190 944 eibum
198 904 274 949 vilemr
289 908 330 945 nisi
341 905 450 956 Hymettia
457 905 522 944 mella
531 907 619 946 Falerno

30 957 62 995 Ne
69 957 150 995 biberis
159 956 234 994 diluta.
262 955 319 996 Forie
327 961 360 995 eet
367 967 459 1005 promue,
469 960 491 994 et
498 961 567 995 atrurn

30 1007 153 1046 Defendens
162 1008 228 1055 pincee
236 1006 318 1046 hiemat
325 1019 396 1050 mare:
410 1017 459 1045 eum
468 1006 512 1044 eale
519 1008 580 1055 panis

29 1057 153 1096 Latrantem
160 1057 293 1096 stomachum
300 1059 354 1096 bene
361 1057 434 1096 leniet.
450 1056 584 1105 Undeputae,
593 1063 631 1097 ant

29 1108 72 1154 Qui
80 1109 181 1156 partumi
208 1108 257 1146 Non
265 1109 288 1148 in
296 1120 345 1149 cero
353 1110 426 1147 nidore
435 1106 531 1155 voluptas

30 1158 124 1202 Summa,
134 1158 202 1196 sedin
210 1163 231 1197 te
239 1160 285 1208 ipeo
293 1164 331 1199 eet.
358 1160 391 1198 Tu
399 1157 541 1207 pulmentaria
549 1168 620 1205 quaere

31 1209 143 1252 Sudando;
153 1209 253 1257 pinguem
261 1211 319 1249 vitiis
327 1210 442 1258 albumque
451 1219 520 1256 neque
525 1212 594 1246 oetrea
606 1210 629 1247 2!

31 1259 51 1297 N
52 1270 76 1297 ee
85 1269 165 1304 scarus,
175 1262 295 1309 eutpoterit
301 1261 412 1311 peregriua
417 1261 492 1308 iuvere
500 1258 573 1307 lngoie.

31 1309 73 1348 Vix
81 1313 155 1347 tamen
164 1310 258 1359 eripiam,
268 1313 336 1361 ponito
346 1323 434 1362 pavone,
443 1310 496 1348 velis
505 1310 557 1357 quin

30 1359 77 1398 Hoe
85 1359 165 1409 potius,
175 1371 239 1408 quam
246 1362 326 1411 galline
334 1368 413 1412 tergere
423 1360 526 1410 palatum,

31 1410 147 1458 Corruptus
155 1412 215 1450 vanie
223 1424 304 1457 rerum;
319 1416 369 1463 quia
375 1417 451 1452 veneat
459 1422 511 1450 auro

32 1460 90 1499 Rara
98 1461 149 1506 avie,
159 1466 181 1498 et
188 1462 245 1510 pieta
253 1465 333 1513 pandet
339 1463 460 1514 epeotaeula
468 1462 537 1502 oauda
545 1473 550 1499 r

32 1510 144 1559 Tanquam
152 1512 232 1551 adrem
240 1515 330 1554 attineat
341 1516 465 1564 quidquam.
493 1513 550 1552 Num
559 1522 632 1564 peree-

82 1562 111 1599 rie
120 1561 167 1607 ieta,

33 1612 103 1658 Quem
110 1611 193 1658 laudae,
202 1611 287 1661 plumat
300 1619 359 1654 coeto
364 1626 416 1654 num
423 1615 483 1653 adeat
488 1614 556 1652 honor
561 1606 631 1651 idem?

33 1662 100 1701 Carne
108 1666 187 1707 temen,
197 1665 293 1711 quamvis
301 1665 366 1704 dietat
373 1665 434 1711 nihil,
443 1664 483 1704 hae
491 1664 558 1712 magis
566 1663 605 1702 illa
614 1664 618 1699 !

34 1713 154 1762 lreparibus
162 1713 235 1752 formio
244 1715 356 1763 deceptum
364 1719 385 1754 te
393 1719 459 1764 patet.
486 1714 548 1753 Eetol
609 1715 633 1751 30

34 1762 95 1802 Unde
104 1764 179 1802 datum
187 1764 259 1809 nentis.
269 1764 332 1813 lupue
340 1765 375 1805 hio
384 1765 502 1810 Tiberinus,
512 1775 540 1802 an
549 1763 592 1801 alto

35 1814 112 1863 Captus
120 1814 180 1853 hietl
193 1819 295 1864 poneeene
303 1815 358 1854 iuter
363 1817 466 1864 jactatum
481 1813 583 1852 anamnie

34 1864 92 1903 Oetie
100 1865 141 1903 tub
150 1864 227 1904 Tuaeit
253 1866 343 1912 Laudat,
352 1866 433 1911 insane,
442 1864 545 1903 trilibrem

35 1914 133 1962 Mullum,
143 1916 167 1954 in
174 1916 258 1965 singula
266 1927 330 1965 quem
337 1917 421 1955 minuaa
429 1914 539 1965 pulmenta
548 1924 632 1952 neeeeee

84 1970 123 2004 eet

36 2014 99 2054 Ducit
107 2020 128 2054 te
136 2016 224 2065 epeeiee.
233 2017 307 2062 videm
321 2027 363 2066 quo
371 2017 464 2066 pertinet
471 2026 521 2064 ergo

35 2065 134 2105 Proeeroe
142 2067 210 2106 odisee
219 2068 295 2118 luponi
321 2068 377 2114 Quia
384 2067 465 2106 seilicet
472 2065 514 2105 illie

36 2115 139 2166 liajorem
147 2122 224 2158 natura
231 2119 319 2168 modum
329 2118 395 2163 dedit,
404 2117 437 2156 hie
445 2118 509 2156 breve
517 2116 606 2166 pondus.

35 2165 124 2215 JeJunue
132 2177 179 2206 raro
187 2169 308 2208 etomaohue
316 2168 412 2217 vulgaria
419 2168 502 2207 temnit.

36 2215 158 2256 Portentum
166 2229 242 2268 magno
251 2231 352 2268 magnum
360 2223 454 2269 epeetere
463 2218 534 2258 catino

35 2265 124 2313 Vellem,
133 2269 164 2306 eit
172 2268 271 2321 Harpytie
279 2271 330 2321 pule
340 2271 404 2320 digne
411 2270 529 2320 rapacibue.
556 2268 583 2308 At
591 2279 628 2306 roe
