1520 2572
300 181 394 226 arom.
613 187 649 226 tls

46 298 145 352 Quaeque
153 304 226 341 carent
233 301 302 341 ventis
310 306 332 341 et
339 302 424 348 solibus,
436 311 484 341 ossa
492 300 582 349 Quirini,

74 353 140 392 Nefas
148 352 230 391 videre!
244 352 355 401 dissipabit
362 352 463 392 insolens.

47 404 117 449 Forte,
127 404 179 452 quid
185 403 291 452 expediat,
299 404 446 450 communiter,
455 407 493 443 aut
500 402 575 442 melior
582 412 638 452 part,

74 454 139 493 Malis
147 465 218 492 carere
224 454 318 501 quaeritis
324 454 440 493 laboribus.

47 504 115 544 Nulla
123 505 151 543 sit
157 504 198 542 hac
205 505 274 552 potior
282 506 398 543 sententia:
413 504 549 543 Phocaeorum

74 555 140 593 Velut
147 554 241 603 profugit
248 559 358 594 exsecrata
365 556 440 594 civitas

47 606 115 655 Agros
124 610 188 654 atque
196 605 260 643 Lares
267 606 367 653 proprios,
375 606 534 654 habitandaque
540 605 591 645 lana

74 656 137 704 spru
146 654 233 703 reliquit
241 659 263 694 et
270 656 383 704 rapacibus
391 656 454 705 lupis,

48 706 89 752 lre,
98 707 164 755 pedes
172 716 299 754 quocunque
307 706 381 750 serent,
391 716 518 755 quocunque
525 717 563 756 per
570 707 640 745 undas

73 758 142 796 Notus
151 757 241 801 vocabit,
251 760 288 793 aut
295 760 404 804 protervus
412 755 503 794 Atticus.

48 807 172 856 Sicplacett
186 805 297 845 anmelius
305 806 353 853 quis
360 806 536 845 habersuaderet
547 808 646 846 Secunda

74 857 152 897 Ratem
161 867 264 905 occupare
272 856 324 904 quid
331 866 439 894 moramur
446 855 512 894 aliter

48 909 192 957 Sedjuremus
200 907 223 946 in
230 907 288 945 berc:
305 906 373 944 Simul
380 907 428 944 imis
437 916 490 945 saxa
497 906 591 946 renarint

66 958 140 998 *Vadis
147 958 223 1003 levata,
231 968 258 996 ne
266 958 335 995 redire
343 957 371 995 sit
379 957 438 995 nefas
447 969 452 1001 3

48 1009 97 1049 Neu
106 1019 207 1048 conversa
215 1010 301 1046 domum
309 1008 381 1056 pigeat
387 1007 438 1045 dare
446 1006 518 1053 lintea,
528 1008 613 1057 quando

76 1060 147 1099 Padus
157 1059 240 1098 Matina
248 1058 323 1097 laverit
331 1058 449 1103 cacumina,

49 1111 74 1150 ln
83 1121 142 1149 mere
150 1121 188 1148 seu
196 1109 264 1148 celsus
272 1108 399 1158 procurrerit
406 1107 539 1156 Apenninus,

74 1162 177 1209 Novaque
185 1165 279 1198 monstra
283 1159 381 1208 junxerit
387 1158 476 1197 libidine

49 1212 117 1251 Mirus
126 1222 191 1251 amor.
199 1211 258 1259 juvet
266 1214 291 1249 ut
298 1211 361 1258 tigres
369 1209 477 1249 subsidere
486 1209 559 1254 cervis,

74 1261 212 1301 adulteretur
220 1265 242 1300 et
250 1260 349 1299 columba
356 1261 423 1298 miluo
431 1272 436 1305 ;

49 1312 140 1352 Credula
148 1323 187 1351 nec
196 1322 255 1350 ravos
264 1311 353 1350 timeant
361 1315 457 1350 armenta
466 1309 547 1356 leonem

74 1364 180 1412 timetque
189 1362 244 1401 salsa
251 1362 310 1401 levis
318 1361 389 1401 hircus
397 1371 490 1410 aequora.

50 1413 109 1461 llaec,
119 1420 140 1453 et
148 1423 197 1463 qum
205 1417 304 1461 poterunt
312 1413 392 1451 reditus
401 1412 525 1451 abscindere
533 1411 612 1455 dulces,

75 1465 155 1504 Eamus
164 1463 232 1502 omnis
240 1467 348 1501 exsecrata
356 1463 437 1509 civitas,

51 1516 93 1554 Aut
101 1526 150 1564 pars
159 1513 246 1552 indocili
253 1514 329 1552 melior
335 1525 397 1562 grege
406 1526 411 1559 ;
425 1512 496 1553 mollis
504 1517 526 1552 et
534 1523 609 1561 exspes

74 1566 196 1605 inominata
203 1564 317 1612 perprimat
324 1563 410 1602 cubilia.

50 1617 98 1662 Vos,
108 1616 185 1664 quibus
195 1619 227 1653 est
234 1615 306 1659 virtus,
316 1614 442 1653 muliebrem
450 1613 518 1652 tollite
526 1613 615 1659 luctum,

75 1667 165 1706 Etrusca
172 1669 249 1714 praeter
257 1669 278 1703 et
286 1664 355 1702 volate
364 1664 433 1702 litora.

51 1718 93 1757 Nos
101 1721 175 1755 manet
184 1716 281 1754 Oceanus
290 1715 446 1762 circumvagus!
457 1725 513 1761 arva,
523 1714 586 1753 beata

75 1768 175 1807 Petamus
184 1776 241 1810 arva,
250 1765 326 1803 divites
332 1770 354 1803 et
361 1763 453 1803 insulas!

51 1818 130 1858 Reddit
138 1817 176 1856 ubi
185 1817 281 1855 Cererem
290 1814 353 1853 tellus
361 1815 444 1853 inarata
452 1813 571 1864 quotannis,

76 1870 103 1908 Et
111 1869 218 1918 imputata
226 1867 286 1904 floret
299 1876 366 1913 usque
374 1866 447 1909 vinem

51 1920 160 1959 Germinat
168 1923 190 1957 et
199 1904 309 1965 nunquafu
317 1916 410 1954 fallentis
419 1920 495 1954 tennes
503 1913 572 1955 olirae.

74 1972 182 2019 Suamque
190 1967 250 2017 pulla
257 1968 309 2005 fleus
317 1972 379 2005 omat
390 1967 497 2009 arborem

52 2021 118 2060 Mella
125 2031 178 2059 cava
185 2022 274 2057 manant
283 2028 310 2055 er
318 2017 373 2062 ilice,
383 2017 492 2055 montibus
500 2015 549 2054 altis

76 2072 137 2110 Levis
146 2074 245 2119 crepante
253 2068 340 2117 lympha
348 2067 419 2107 desilit
425 2069 486 2117 pede.

52 2122 97 2162 lllic
105 2122 194 2171 injuseae
202 2120 290 2159 veniunt
298 2120 326 2157 ad
332 2119 422 2158 mulctra
428 2117 523 2167 capelle,

75 2172 192 2221 aaronque
201 2175 260 2209 tenta
266 2181 317 2218 grex
326 2171 407 2208 amicus
414 2171 491 2208 ubera:

51 2224 94 2263 Nec
102 2221 235 2272 vespertinus
243 2222 388 2269 circumgemit
396 2231 458 2262 ursus
469 2220 530 2265 ovili;

76 2275 122 2314 Nec
131 2272 255 2313 intumescit
263 2271 307 2311 alta
315 2273 393 2322 viperis
402 2271 487 2311 humus.
