1562 2568
121 181 159 219 2³0
285 181 310 222 0„
324 180 449 221 nonum
462 180 562 221 mccl

123 296 193 335 Mults
198 297 321 336 recedentes
329 297 432 336 adimunt
459 296 492 336 Ne
500 297 554 336 forts
561 298 641 338 seniles

122 347 253 386 Mondeutur
258 348 331 396 juveni
339 352 415 396 partes,
424 359 532 397 pueroque
539 348 622 388 viriles:

123 399 209 447 Semper
216 399 239 436 ln
248 398 353 447 effluuotis
360 408 448 447 sevoque
456 399 587 437 morabimur
594 401 657 449 sptis.

148 448 192 487 Aut
200 449 270 496 egitur
276 459 309 486 res
317 448 340 486 in
349 449 424 494 scenis,
433 454 471 487 aut
479 453 527 487 sets
534 449 631 489 refertur.

122 499 211 547 Segnius
219 499 303 536 irritent
309 499 392 537 animos
400 500 492 538 demissa
499 510 537 548 per
544 511 625 543 aurem.
687 502 724 541 180

122 549 191 590 Quom
200 559 248 597 quse
257 554 307 586 sunt
314 548 382 587 oculis
390 551 486 598 sublecta
492 549 597 596 fidelibus,
607 555 630 590 et
637 562 688 601 quae

123 600 172 648 lpse
180 599 221 638 sibi
230 599 294 637 tradit
301 603 412 648 spectator.
439 601 488 639 Non
494 604 566 638 tamen
574 601 633 640 intus

123 651 192 698 Digna
199 650 244 698 geri
250 660 334 698 promes
340 650 363 688 in
371 661 466 695 scenam
481 650 591 699 multaque
600 650 663 690 tolles

123 699 296 748 &oculisque
304 711 356 738 mox
365 701 654 750 narretfncundiapraessns.
773 734 774 739 ,

122 751 155 789 Ne
164 761 240 800 pueros
248 760 319 789 coram
327 750 406 800 populo
415 751 492 790 Medea
499 751 596 798 uudieet,
773 752 774 791 1

123 803 167 848 Aut
174 801 269 840 humsns
277 800 348 850 polam
356 806 434 850 coquat
441 807 491 841 exte
499 803 594 841 nefarius
602 802 688 847 Atreus,
769 818 774 839 ι

123 853 168 891 Aut
174 853 197 891 in
206 863 267 891 svem
278 852 359 900 Ptogne
367 856 467 898 vertetur,
477 853 569 892 cadmus
577 853 600 891 in
607 863 713 903 anguem:

123 904 270 953 Quodcunque
278 904 372 941 ostendis
379 903 433 941 mihi
442 903 479 949 sic,
486 903 609 942 incredulus
614 905 659 943 odi.
732 952 734 958 k

149 954 208 993 Neve
216 954 291 998 minor,
301 964 344 991 neu
351 954 379 992 sit
387 954 462 1002 quinto
469 954 590 1002 productior
596 961 646 993 sctu

55 1002 63 1013 '
124 1004 211 1050 Fabula,
223 1014 271 1054 quae
280 1004 337 1053 posci
345 1003 391 1042 vult
399 1008 421 1042 et
428 1008 521 1052 spectata
529 1005 610 1052 reponi.
687 1005 729 1044 1⁹0⁴
773 1043 774 1051 ,

124 1055 169 1095 Neo
179 1056 236 1095 Deus
244 1055 333 1099 intersit.
342 1054 383 1093 nisi
392 1055 468 1103 dignus
476 1054 559 1093 vindice
567 1056 636 1094 nodus

124 1106 235 1150 Inciderit;
250 1116 290 1143 nec
299 1110 375 1154 qunrts
384 1104 443 1153 loqui
450 1115 540 1153 persona
548 1104 638 1144 laboret.

45 1160 55 1211 ζ
124 1157 206 1196 Actoris
213 1161 284 1206 partes
292 1155 368 1216 Qms
376 1155 511 1203 officiumque
519 1155 579 1194 virile

124 1207 240 1252 Delendst3
254 1217 298 1245 neu
307 1207 360 1256 qusd
367 1206 449 1244 modios
457 1206 570 1244 intercinat
578 1209 645 1251 setus,

124 1259 186 1302 Quod
196 1269 239 1296 non
262 1258 355 1306 roposito
362 1257 468 1295 conducet
475 1260 497 1294 et
504 1256 585 1295 haereat
593 1262 649 1306 epte.

124 1307 164 1347 Ille
173 1309 234 1346 bonis
251 1312 354 1356 sveatque
362 1311 384 1346 et
391 1306 514 1346 consilietur
521 1307 602 1351 amicis.

125 1359 152 1397 Et
158 1364 217 1407 regat
225 1359 295 1402 iratos,
305 1362 327 1395 et
335 1361 393 1396 amet
400 1368 486 1405 peccare
496 1357 606 1401 timentes;

125 1409 164 1449 llle
173 1410 238 1457 dspes
246 1408 320 1446 laudet
327 1418 407 1446 mensae
416 1408 491 1451 brevis,
498 1407 535 1446 ille
543 1406 652 1447 salubrem
694 1410 697 1418 '

124 1459 239 1503 Justitiam,
248 1458 354 1507 legesque,
364 1463 386 1496 et
394 1458 471 1506 apertis
479 1459 523 1496 otis
531 1458 596 1506 portis
601 1470 606 1503 ;

125 1510 165 1549 llle
173 1514 231 1557 tegat
238 1509 356 1553 commissa,
367 1509 465 1557 Deosque
473 1513 570 1557 precetur
578 1513 600 1548 et
608 1516 661 1556 oret,
684 1511 721 1549 100
764 1518 775 1541 s

125 1561 154 1599 Ut
162 1562 236 1600 redeat
242 1560 331 1604 miseris,
341 1560 404 1597 abest
412 1559 497 1597 fortuna
505 1559 608 1608 superbis.
774 1546 775 1617 l

149 1612 212 1650 'llbie
219 1621 268 1653 non.
279 1613 304 1648 ut
312 1621 375 1654 nunc,
384 1609 490 1648 orichalco
498 1610 575 1655 vinclo,
584 1610 686 1660 tubeque

125 1661 217 1705 AEmulu.
228 1661 265 1699 sed
273 1661 343 1698 tenuis
351 1659 490 1708 simplexque,
499 1660 602 1699 foramine
608 1672 684 1710 psuco,

125 1713 239 1761 Adspirate
247 1715 269 1750 et
276 1712 350 1749 adesse
358 1710 427 1749 choris
435 1716 481 1748 erat
488 1710 553 1755 utilis,
563 1716 628 1760 atque

126 1764 226 1802 Nondum
235 1762 302 1811 spisso
310 1762 373 1800 nimis
382 1761 486 1809 complere
494 1761 570 1800 sedilr'e
576 1762 640 1802 flatu:

125 1816 173 1859 Quo
179 1824 230 1852 sane
238 1811 479 1862 populusnumersbilis‚
489 1816 562 1860 utpote
570 1822 648 1860 parvus

127 1865 154 1902 Et
161 1864 223 1912 frugi,
233 1867 346 1911 castusque
353 1862 534 1910 verecundusque,
543 1863 621 1900 colbst

89 1926 94 1937 ⁸
126 1915 240 1962 Postquam
248 1914 314 1961 ooepit
321 1924 381 1960 agros
389 1913 504 1950 extendere
511 1913 583 1958 victor,
593 1917 616 1952 et
622 1913 698 1952 urbem
774 1926 775 1929 ¹

125 1962 300 2012 Latloramplecti
307 1973 387 2007 murus,
395 1963 487 2011 vinoque
496 1963 572 2001 diurno
774 1962 775 2005 l

127 2013 209 2051 Plscnri
218 2014 298 2051 Gentus
306 2013 365 2051 festis
374 2013 462 2061 impune
470 2014 552 2059 diebus,
685 2014 722 2052 uo
772 2022 775 2037 ι

126 2064 220 2102 Accessit
228 2063 363 2101 numerisoue
371 2063 481 2110 modisque
489 2063 577 2102 licentio
585 2066 659 2112 major.
774 2066 775 2069 ’

88 2126 89 2131 ’
127 2113 226 2151 Indoctus
234 2114 287 2160 quid
294 2114 351 2151 enim
360 2117 443 2160 saperet
451 2113 547 2162 liberque
556 2113 654 2155 laborum

127 2162 226 2200 Rusticus
234 2162 316 2200 urbano
324 2163 431 2206 confusus.
439 2163 507 2212 turpis
515 2164 617 2203 honesoor

126 2212 159 2250 Sic
167 2213 241 2261 prisca
249 2216 373 2264 motumque
382 2217 404 2252 et
409 2212 517 2255 luxuriem
526 2215 608 2257 addidit
614 2215 659 2257 orti
