1504 2564
178 169 340 210 CARMINUM
352 171 407 211 Lis.
422 171 464 212 111.
590 177 614 213 65

260 346 320 386 ODE
331 346 378 386 XV.

231 449 267 487 Ao
281 450 400 489 cussus.

67 525 138 566 uxor
146 523 244 574 pauperis
251 524 317 574 Ibyci,

92 576 190 614 Tsudem
197 575 299 623 nequitias
307 576 347 624 fige
356 576 443 616 modum
451 580 502 624 tuae,

66 626 205 674 Pomosisque
214 625 322 665 laboribus
330 639 334 664 :

93 677 180 716 Maturo
188 676 272 735 propior
280 677 353 715 desine
360 676 431 717 funeri

64 729 126 768 Inter
134 727 209 765 ludere
217 727 314 775 virgines,

92 778 120 817 Iit
127 777 196 817 stellis
203 777 304 816 nebulam
312 788 409 827 spargere
419 779 521 819 candidis.

64 829 123 875 Nou,
132 828 151 867 si
159 827 212 877 quid
221 827 314 867 Pholoen
322 829 379 874 setis,

93 880 121 918 Et
128 883 157 924 te,
168 877 245 925 chlori,
255 879 325 924 decet;
342 879 387 917 iilis
394 879 473 920 rectius

63 930 183 979 Expugnat
188 929 291 976 juvenum
299 931 379 976 domos,

91 979 157 1019 Pulso
165 979 244 1028 Thyias
251 980 283 1018 uti
291 980 375 1019 concite
381 984 489 1030 tympano.

65 1031 134 1071 Illum
142 1030 199 1078 cogit
206 1041 265 1069 amor
275 1031 341 1070 Nothi

91 1081 187 1121 Lascivae
195 1080 285 1120 similem
293 1081 367 1120 ludere
374 1091 467 1130 capreoe:

63 1133 97 1174 Te
104 1132 162 1171 lsnae
169 1141 235 1181 prope
246 1132 340 1171 nobilem

91 1183 169 1222 Tousae
178 1182 295 1228 Luceriam,
302 1193 346 1222 non
353 1181 448 1229 citharas,
458 1183 541 1231 decent,

63 1233 112 1273 Nec
120 1234 160 1272 flos
168 1243 286 1282 purpureus
295 1242 355 1277 roste,

90 1284 137 1324 Nee
144 1283 191 1334 poti
200 1282 294 1323 vetulam
303 1282 356 1322 irene
364 1287 426 1323 tenus
434 1285 489 1324 cadi.

251 1474 310 1515 ODE
322 1473 382 1513 XVI.

210 1575 245 1614 Au
259 1575 427 1619 Mmcsusruss.

9 1662 10 1695 j
63 1649 193 1688 Iscsussss
203 1648 445 1701 Dansenturrisssnes,

9 1738 11 1747 ‚
62 1699 213 1748 Robustoeque
222 1701 284 1748 iores,
294 1706 316 1742 st
321 1703 410 1752 vigilum
418 1716 496 1744 cunum

9 1754 11 1787 i
62 1750 250 1791 ffimsexmbiae
262 1754 442 1795 munieruntsstis

220 1802 334 1843 Nocturnis
342 1805 370 1844 sb
378 1806 479 1846 adulteris
487 1819 492 1844 :

62 1852 87 1891 Si
97 1862 143 1890 uon
152 1851 263 1900 Acrisium,
276 1855 364 1904 virginis
372 1857 451 1895 abditis

9 1946 10 1961 χ
61 1902 182 1941 Custodem
194 1905 301 1952 pavidum,
311 1905 394 1955 Jupiter
402 1910 424 1946 et
432 1907 504 1946 Venus

62 1952 186 1992 Risissent:
200 1954 244 1992 fore
253 1955 310 1994 enim
318 1960 389 1995 tutum
396 1957 437 1996 iter
445 1961 467 1995 et
475 1960 549 2005 patens

220 2005 322 2045 convorso
332 2007 355 2044 iu
362 2008 455 2056 pretium
463 2008 515 2046 Deo.

9 2090 10 2093 ,
61 2054 151 2093 Aurum
158 2065 196 2103 per
203 2056 284 2095 medios
291 2056 322 2094 irs
331 2057 440 2104 satellites,

62 2104 94 2142 Et
100 2114 239 2153 perrumpere
247 2110 305 2145 amet
312 2117 365 2145 saxa
373 2108 480 2156 potentius

61 2155 114 2194 lctu
122 2154 235 2195 fulmineo.
261 2156 357 2196 Concidit
364 2159 449 2207 auguris

219 2206 291 2255 Argivi
300 2208 381 2255 domus,
391 2210 418 2247 ob
427 2208 510 2248 lucrum

481 2263 519 2307 ri
