1562 2568
223 206 396 246 saulitarum
409 206 465 245 LlB.
479 206 509 245 11.
625 203 662 244 17⁹

64 322 157 365 Potores,
165 320 200 361 vel
208 322 265 370 quod
272 322 404 361 maledicunt
412 321 506 367 liberius.
515 321 549 360 vel

64 372 154 411 Fervida
162 372 219 420 quod
227 372 305 411 subtile
313 375 429 412 exsurdant
435 373 486 411 rina
495 371 599 421 palatum.

65 422 178 461 invertunt
186 421 285 462 Allifanis
290 424 372 462 vinaria
380 428 425 462 tota

64 473 164 511 Vibidius
172 472 305 521 Balatroque,
314 475 392 513 secutis
401 474 509 517 omninum
523 474 562 512 imi
636 473 662 510 to

65 523 164 562 Convivae
172 523 221 562 lecti
230 524 321 562 nihilum
329 536 420 564 nocuere
429 524 517 573 lagenis.

65 574 166 613 Adfertur
173 572 261 622 squillas
268 575 324 613 inter
331 585 427 614 muraena
435 579 533 614 natantes

66 623 91 662 ln
100 625 283 673 patinaporreota.
310 625 354 664 Sub
366 625 407 664 hoo
418 625 489 671 herus,
503 625 556 665 Haec
568 623 663 674 gravida,

115 675 191 723 inquit,

66 725 131 774 Capta
139 729 177 770 est,
187 724 279 763 deterior
286 729 335 773 post
343 729 427 774 partum
437 737 499 765 earne
507 725 586 766 futura.

66 775 105 813 His
114 776 200 814 mistum
207 776 242 824 jus
251 778 293 813 est:
308 775 361 821 oleo,
371 777 428 824 quod
435 777 504 825 prima
512 777 600 817 Venafri

66 826 145 864 Pressit
152 825 217 868 oella;
231 836 281 873 garo
290 826 316 863 de
324 828 393 864 succis
401 827 464 875 piscis
472 826 540 872 Iberi3

66 876 121 915 Vino
129 876 270 925 quinquenni.
280 887 354 915 verum
362 878 416 915 eitra
421 888 480 915 mare
488 882 546 923 nato,

66 926 124 965 Dum
132 927 229 975 coquitur
237 928 305 973 (cocto
313 927 390 965 Chium
398 928 429 965 sio
436 927 543 974 convenit,
552 932 577 967 ut
587 939 630 967 non

66 977 113 1015 Hoo
121 978 188 1025 magis
194 976 263 1015 ullum
269 977 344 1023 aliud).
351 978 423 1026 pipere
429 978 484 1022 albo,
492 989 535 1019 non
542 979 587 1017 sine
595 982 662 1020 aceto.

65 1027 128 1073 Quod
137 1028 303 1076 Methymneam
311 1028 362 1066 vitio
370 1029 484 1068 mutaverit
491 1038 562 1067 uvam.
639 1031 664 1068 50

67 1078 147 1116 Erucas
155 1078 238 1123 virides,
248 1078 319 1118 inulas
327 1090 366 1126 ego
373 1080 454 1127 primus
463 1089 546 1117 amaras

67 1128 184 1168 Monstravi
191 1129 311 1176 incoquere,
321 1128 391 1168 illotos
399 1129 500 1168 Curtillus
507 1129 601 1176 echinos,

67 1179 96 1217 Ut
104 1178 180 1218 mellus
189 1180 264 1224 muria,
274 1191 338 1228 quam
346 1184 401 1218 testa
408 1181 491 1219 marina
498 1180 594 1219 remittit.

66 1229 152 1268 Interea
160 1240 261 1278 suspensa
269 1242 342 1278 graves
351 1230 421 1270 aulaea
428 1231 501 1269 ruinas

66 1280 93 1318 Iu
102 1280 197 1329 patinam
206 1280 280 1324 iecere.
289 1281 396 1320 trahentia
403 1281 495 1331 pulveris
503 1282 550 1327 atri,

67 1331 176 1376 Quantum
185 1340 228 1369 non
238 1331 315 1379 Aquilo
324 1332 438 1382 Campanis
446 1333 525 1371 excitat
533 1332 596 1381 agria.

67 1381 111 1420 Nos
119 1382 189 1428 majus
196 1382 264 1426 veriti,
273 1386 385 1431 postquam
393 1383 448 1421 nihil
456 1394 501 1421 esse
507 1382 581 1432 pericli

66 1432 182 1477 Sensimus,
191 1432 297 1480 erigimur.
324 1433 400 1479 liuius,
409 1434 477 1483 posito
485 1435 561 1483 eapite,
568 1438 593 1472 ut
601 1433 619 1473 sl

66 1481 134 1521 Filius
141 1482 268 1521 immaturus
276 1483 360 1529 obisset,
369 1485 427 1523 flere.
453 1485 505 1530 Quia
513 1488 569 1524 esset

66 1533 132 1577 Finis,
141 1533 164 1570 ni
172 1533 256 1581 sapiens
263 1534 294 1572 sic
303 1534 448 1573 Nomentanus
456 1535 548 1574 amioum
639 1535 665 1572 oo

66 1582 170 1622 Tolleret:
185 1583 241 1626 Heu,
251 1583 350 1628 Fortuna,
359 1586 407 1633 quia
415 1589 448 1624 est
457 1584 592 1624 crudelioria
600 1595 639 1623 nos

67 1633 97 1672 Te
107 1634 179 1672 Deus?
206 1633 235 1670 Ut
242 1644 325 1681 semper
331 1636 411 1682 gaudes
419 1635 508 1674 illudere
515 1636 578 1674 robus

66 1682 185 1722 Humanisl
211 1683 287 1722 Varius
295 1694 373 1734 mappa
381 1697 513 1734 compescere
522 1686 589 1725 risum

67 1734 109 1772 Vix
118 1736 207 1783 poterat
234 1733 320 1772 Balatro
328 1736 459 1783 suspendens
467 1736 539 1774 omnia
547 1746 605 1782 naso,

67 1784 120 1823 Haec
129 1788 162 1823 est
170 1784 264 1822 conditio
274 1784 365 1831 vivendi,
374 1786 457 1831 aiebat3
470 1797 538 1834 eoque

68 1834 204 1884 Responsura
211 1839 249 1874 tuo
257 1845 366 1883 nunquam
374 1839 406 1873 est
413 1847 451 1885 par
458 1835 517 1875 fama
523 1836 599 1875 labori.

67 1885 132 1928 Tene,
142 1889 167 1923 ut
175 1896 214 1933 ego
222 1886 313 1934 accipiar
321 1884 385 1931 laute,
394 1888 511 1934 torquerier
518 1887 577 1925 omni
627 1910 632 1921 ι

67 1935 213 1975 Sollicitudine
222 1936 352 1974 districtum?
365 1948 393 1974 ne
399 1936 460 1984 panis
468 1937 562 1982 adustus,

68 1987 100 2024 Ne
109 1986 165 2024 male
174 1987 283 2025 conditum
288 1987 324 2034 jus
332 1988 464 2036 apponaturl
483 1992 509 2026 ut
516 1998 591 2027 ornnes

68 2037 178 2076 Przecincti
186 2041 242 2076 recte
248 2038 309 2086 pueri
317 2038 423 2086 comtique
430 2038 562 2078 ministrentl
641 2037 665 2077 to

67 2087 128 2126 Adde
137 2087 176 2126 hos
184 2091 286 2137 praeterea
293 2099 361 2135 casus,
370 2089 440 2127 aulaea
445 2093 510 2127 ruant
517 2090 541 2133 si,

67 2137 97 2176 Ut
104 2139 180 2182 modo;
194 2138 211 2177 si
219 2138 314 2187 patinam
323 2140 376 2188 pede
384 2139 456 2188 lapsus
463 2139 548 2187 frangat
555 2150 624 2190 agaso.

69 2188 110 2226 Sed
120 2189 265 2232 convivatoris.
275 2190 306 2228 uti
314 2191 381 2235 ducis,
389 2190 499 2239 ingenium
507 2202 540 2230 res

67 2238 167 2279 Adversa
176 2240 256 2279 nodare
264 2239 338 2287 solent,
347 2241 417 2280 celare
424 2241 530 2282 secunda.
