1562 2568
124 191 159 228 lto
273 189 297 231 Q.
308 186 430 227 Hortum
442 186 541 227 Pulcer

124 304 214 353 Integris
222 303 297 353 opibua
305 303 355 342 novi
363 314 406 342 non
413 302 479 342 latine
486 314 556 348 usum,

124 355 194 401 Quam
206 365 263 393 nunc
271 353 352 392 accisis.
379 353 456 392 Videas
464 357 543 392 metato
551 353 573 391 in
582 353 655 402 agello

124 407 178 444 Cum
185 416 261 453 pecore
269 408 291 442 et
298 404 368 452 gnatia
376 403 453 442 fortem
460 404 557 442 mercede
566 403 675 451 colonum,

125 457 174 495 Non
182 467 227 503 ego,
236 459 363 500 narrantem,
370 459 450 493 temere
458 454 493 492 edi
500 454 651 502 luceprofeata

124 507 245 554 Quidquam
253 509 328 554 prater
336 504 383 543 olus
390 504 479 543 mmoeae
488 515 537 543 cum
544 505 599 553 pede
605 516 692 554 pernae3

126 557 156 596 Ac
164 556 223 602 mihi,
232 567 270 595 eeu
277 555 365 603 longum
373 560 420 604 poet
427 559 510 603 tempua
518 559 606 593 venerat
614 556 699 605 hospes,

125 607 173 646 Sive
181 617 268 655 operum
276 617 342 644 vacuo
350 610 422 654 gratue
429 606 517 644 conviva
524 617 562 654 per
569 606 662 645 imbrem

124 657 217 702 Vicinus,
226 658 281 695 bene
289 660 340 702 erat,
347 667 389 695 non
398 656 491 705 piscibus
498 656 551 694 urbe
558 657 639 704 petitis,
690 658 727 696 120

125 708 167 746 Sed
175 707 234 756 pullo
242 712 306 756 atquc
313 707 386 752 haed03
400 712 446 745 tum
454 706 541 755 pensilia
547 718 590 745 uva
597 709 705 747 secundae

126 758 153 797 Et
159 769 204 796 nux
212 759 301 797 ornabat
309 764 394 797 mennae
402 769 451 796 cum
460 756 543 806 duplice
551 757 600 795 ileu

126 809 176 848 Post
182 808 223 847 hoc
231 808 294 848 ludua
302 813 348 847 erat
356 808 419 857 culpa
428 811 501 857 potare
509 808 620 856 magistra5

126 859 156 897 Ac
164 864 264 898 venerata
272 860 339 905 Cerea,
348 860 379 898 ita
386 858 457 897 culmo
465 863 559 906 surgeret
566 857 616 906 ulto,

126 909 235 958 Explicuit
242 912 291 949 vino
299 914 413 949 contractae
421 910 475 948 aeria
484 908 565 948 frontis.

126 961 204 1000 saeviat
211 966 275 1010 atque
283 972 347 1001 novos
355 964 439 999 moveat
447 959 540 998 Fortuna
547 959 666 999 tumultus:

125 1012 235 1058 Quantum
243 1012 293 1051 hinc
301 1012 427 1050 imminuet?
440 1014 520 1058 quanto
530 1015 568 1048 ant
580 1022 620 1059 ego
632 1012 726 1060 pai-ciue,

176 1068 214 1101 aut
221 1073 264 1108 vot,

126 1113 145 1151 Ο
152 1114 219 1162 pueri,
229 1113 327 1157 nituistis,
335 1117 360 1150 ut
367 1111 409 1150 huc
418 1122 484 1150 novus
492 1110 563 1150 incola
570 1112 643 1150 venit?

127 1163 183 1202 Nam
191 1164 280 1213 propriae
289 1162 370 1201 telluris
378 1162 453 1201 herum
462 1165 538 1200 natura
545 1172 615 1209 neque
621 1161 692 1209 illum,

127 1214 172 1253 Nec
180 1225 222 1257 me.
231 1225 270 1252 nec
279 1223 407 1262 quemquam
416 1213 502 1250 statuit:
517 1223 555 1250 noa
563 1211 649 1260 expulit
654 1212 692 1252 ille
701 1225 706 1258 ;

126 1263 192 1303 Illum
202 1268 239 1303 aut
246 1264 358 1312 nequities,
369 1268 408 1301 aut
414 1262 468 1300 vetii
473 1262 557 1301 inscitia
562 1262 622 1310 Juria,
692 1266 727 1304 1³1

127 1315 234 1354 Postremo
242 1313 336 1362 expellet
343 1318 398 1352 certe
407 1313 497 1351 vivacior
505 1311 579 1351 hares.

127 1364 190 1403 Nunc
198 1376 247 1413 ager
256 1364 357 1402 Umbreni
365 1364 404 1403 sub
412 1362 504 1407 nomine.
513 1373 581 1411 nuper
589 1361 655 1402 Ofelli

128 1415 202 1454 Dictus
210 1419 261 1460 erat,
271 1414 325 1452 nulli
333 1415 435 1462 proprius.
445 1414 482 1452 sed
491 1413 547 1451 cedit
554 1413 576 1451 in
585 1424 650 1452 usum

127 1465 190 1503 Nunc
198 1465 257 1510 mihi,
267 1476 324 1503 nunc
332 1464 376 1502 alii.
402 1465 505 1510 Quocirca
512 1463 575 1501 vivite
583 1463 656 1512 fortes,

127 1515 239 1564 Fortiaque
246 1515 338 1554 adverria
346 1516 445 1564 opponite
453 1518 537 1564 pectora
544 1514 614 1553 rebua.

345 1667 452 1708 SATIRA
464 1666 506 1706 111.

128 1773 167 1812 s1c
178 1785 225 1813 raro
233 1773 314 1819 ocribia,
323 1777 348 1811 ut
355 1776 400 1811 toto
408 1783 451 1810 non
459 1775 534 1819 quater
543 1781 600 1808 anno

128 1823 275 1864 Mambrcnam
283 1834 362 1873 porcae,
371 1823 496 1871 scriptorum
505 1831 596 1869 quaeque
603 1824 711 1868 retexens,

129 1875 199 1914 Iratus
207 1875 252 1921 tibi,
261 1876 319 1924 quod
325 1874 370 1912 vini
377 1873 487 1921 somnique
495 1871 600 1919 benignus

130 1925 166 1964 Nil
174 1925 261 1974 dignum
270 1936 366 1963 sennone
374 1934 445 1962 cunaa
471 1922 528 1963 Quid
535 1922 585 1960 fieti
612 1921 641 1959 At
648 1921 701 1971 ipeia

127 1976 274 2014 Saturnalibus
282 1976 324 2014 huc
331 1973 415 2023 fugisti!
441 1972 527 2011 Sobrius
535 1983 584 2020 ergo

128 2026 168 2065 Dic
176 2026 258 2074 aliquid
265 2027 353 2074 dignum
360 2023 478 2074 promissis:
491 2023 571 2071 incipe3
585 2022 667 2061 nileat!

128 2076 245 2125 culpantur
252 2076 330 2115 frustm
336 2075 419 2120 calami,
428 2074 587 2121 immeritusque
593 2071 676 2112 laborat

128 2126 190 2165 lratic
197 2130 260 2164 natue
267 2127 335 2175 parier
345 2126 382 2164 Dis
391 2132 455 2173 atque
462 2124 537 2173 poetis.

128 2176 194 2224 Atqui
202 2176 273 2214 vultus
281 2180 327 2215 erat
332 2175 401 2214 multa
408 2180 430 2213 et
437 2174 540 2225 praeclara
546 2175 655 2221 minantia,

129 2226 150 2264 si
158 2236 248 2265 vacuum
257 2227 328 2276 tepido
336 2227 426 2276 cepisset
433 2225 508 2266 villule
516 2229 579 2264 tecto.
702 2227 726 2264 lo
