1520 2572
210 178 382 218 sumntum
396 179 451 218 LIB.
465 179 483 218 1.
606 182 641 219 122
657 218 661 225 ,

47 295 102 334 liceo
109 304 143 333 res
150 294 253 342 etJungit,
260 294 345 343 junctos
353 299 375 333 et
382 298 451 334 servat
459 294 546 334 amicos.

46 346 74 385 At
83 355 122 384 nos
129 344 217 383 virtutes
224 345 280 394 ipses
288 345 418 390 invertimus,
428 349 491 394 atque

45 397 156 436 sincerum
164 395 260 443 cupimus
268 407 304 435 vas
313 397 435 435 incrustare.
463 396 542 435 Probus
551 396 598 445 quis

45 447 163 487 Nobiscum
171 446 228 490 vivit,
237 446 328 485 multum
338 447 440 486 demissus
447 447 520 492 homo;
534 446 566 485 illi

44 497 116 537 Turdo
125 507 240 544 cognomen
248 497 321 546 pingui
330 502 352 536 et
359 499 440 536 dumus.
459 497 560 546 Hicilrgit
568 507 641 536 omnes

45 547 145 592 Insidias,
154 546 250 595 nullique
258 548 315 586 malo
324 548 380 587 lutus
388 548 447 586 obdit
456 553 559 597 apertum,

45 599 118 645 Quum
126 608 192 645 genus
200 597 240 636 hoc
249 598 304 636 luter
312 599 361 636 vitae
369 604 469 644 versetur,
478 599 516 637 ubi
524 599 577 638 ocris
615 598 640 636 60

44 649 130 688 Invidia
139 652 202 696 utque
210 648 282 695 vigent
289 648 327 686 ubi
334 649 434 687 crimino:
447 660 486 697 pro
494 649 549 688 bene
556 660 609 688 suno

11 734 12 751 ¹
45 699 76 739 Ac
85 710 129 738 non
138 699 231 743 incauto,
239 697 312 736 fictum
321 703 456 746 astutumque
464 710 570 738 vocamus.

45 749 166 798 simplicior
173 749 222 797 quis
230 752 252 786 et
259 752 297 792 est,
306 748 391 796 qualern
398 761 433 787 ms
442 759 498 797 soepc
506 749 598 789 libenter

10 822 11 839 l
45 799 164 840 Obtuierim
173 799 219 843 tibi,
229 798 342 844 Maecenas,
352 803 377 837 ut
384 799 437 837 forte
445 799 550 846 legentem

45 852 89 890 Aut
96 851 187 889 tacitum
195 847 292 897 impellat
300 849 374 897 quovis
387 859 482 887 sermons
490 849 602 890 molestus:

46 901 159 940 Communi
167 909 231 938 sensu
239 899 303 947 pinne
311 904 375 945 caret,
385 899 499 947 inquimus.
526 900 600 939 Ehcul

45 952 114 998 Quam
122 956 203 989 temere
212 949 234 988 in
242 953 326 988 nosmet
333 948 401 997 legem
408 949 515 988 sancimus
522 950 629 998 iniquum!

44 1002 101 1041 ilum
108 1001 167 1040 vitiis
176 1010 238 1039 nemo
246 1000 292 1039 sine
300 1000 403 1044 nescitum
420 999 512 1048 optimus
519 999 556 1038 ille
564 1004 601 1045 est,

10 1092 11 1107 χ
45 1053 86 1100 Qui
100 1051 196 1090 minimis
213 1054 307 1099 urgetur.
334 1050 421 1089 Amicus
433 1049 508 1096 dulcis,
517 1053 543 1089 ut
554 1060 641 1098 oequum

10 1132 11 1135 η
93 1105 132 1148 est,

45 1154 96 1192 Cum
104 1162 155 1192 mss
163 1155 285 1200 compenset
292 1151 348 1190 vitiis
356 1152 419 1197 bons,
428 1150 524 1199 pluribus
532 1149 597 1197 hisce,
616 1152 641 1190 to

9 1226 10 1241 i
44 1204 65 1242 Si
73 1204 138 1243 modo
147 1202 208 1251 plura
216 1202 270 1240 mihi
277 1203 334 1241 bona
342 1207 399 1248 sunt,
408 1201 504 1241 inclinet.
529 1201 602 1241 Amnri

45 1254 66 1293 ui
73 1253 132 1294 solet
139 1253 180 1292 huc
188 1252 241 1301 lege,
250 1254 272 1291 in
281 1254 361 1292 trutina
368 1257 459 1301 ponetur
466 1252 548 1291 cedem.

44 1304 92 1350 Qui,
102 1315 130 1344 ne
140 1303 250 1342 tuberibus
258 1304 347 1353 propriis
355 1303 448 1342 offendat
456 1303 555 1349 amicum,

45 1354 147 1400 Postulat,
156 1356 250 1402 ignoscet
257 1355 349 1394 verrucis
357 1354 425 1393 illius:
443 1364 529 1404 aequum
537 1358 575 1401 est,

45 1404 139 1445 Peccatis
147 1405 231 1443 venium
239 1409 361 1455 poscentem
369 1405 456 1444 reddere
464 1415 543 1444 rursus.

44 1454 149 1505 Denique,
159 1459 263 1503 quatenus
271 1457 341 1495 excidi
349 1457 434 1505 penitus
443 1456 518 1495 vitium
527 1457 571 1502 irae,

44 1507 117 1546 cetera
125 1507 178 1545 item
186 1511 295 1554 nequeunt
303 1507 373 1546 stultis
381 1506 494 1551 haerentia;
512 1517 550 1545 cur
557 1518 601 1546 non

44 1556 176 1597 Ponderibus
185 1556 318 1605 modulisqde
326 1557 370 1596 suis
378 1558 432 1597 rstio
440 1558 513 1602 utitur.
523 1568 554 1602 sc,
563 1569 597 1597 res

43 1605 72 1647 Ut
79 1618 173 1656 quoeque
181 1612 219 1652 est,
228 1607 259 1646 itu
267 1606 374 1656 suppliciis
382 1607 462 1649 delicte
467 1609 563 1646 coerceti
636 1580 658 1657 ἱ

42 1657 63 1697 Si
72 1659 120 1708 quis
129 1668 180 1696 cum
188 1668 277 1703 servum,
286 1658 381 1705 patinam
389 1659 426 1707 qui
434 1657 507 1697 tolleie
512 1659 584 1706 J'ussus
614 1660 639 1698 8⁰

43 1708 140 1750 Ssmcsos
147 1709 215 1757 pisces
224 1708 362 1757 tepidumque
368 1708 482 1756 ligurrierit
487 1710 529 1756 jus,

44 1757 69 1799 In
77 1771 141 1799 cruce
150 1758 243 1807 suffitum
261 1757 358 1797 Lebeone
367 1758 460 1797 insanior
468 1758 524 1796 inter

43 1809 109 1850 Sanos
117 1810 203 1853 dicstm
211 1810 218 1846 l
245 1808 329 1849 Quanto
337 1808 378 1847 boc
386 1808 484 1847 furiosius
492 1812 558 1857 atque

42 1859 113 1912 Hujus
122 1864 235 1910 peccatum
243 1863 287 1897 est:
300 1858 397 1908 paullum
406 1857 496 1907 deliquit
503 1859 590 1905 amicus,

50 1911 114 1959 Quod
121 1911 166 1950 uisi
173 1909 283 1955 concedas,
291 1908 384 1949 habeare
392 1908 503 1955 insuavis)
511 1910 599 1949 acerbus

75 1962 81 1972 ‘
116 1968 143 1999 et
149 1960 212 2009 bigis,
221 1965 246 1999 ut
254 1960 362 1999 Rusonem
370 1960 452 1998 debitor
459 1960 514 2004 aris,

92 2013 141 2056 nisi,
150 2020 218 2060 quum
226 2011 297 2050 tristes
304 2010 381 2050 misero
389 2020 465 2049 venere
474 2009 578 2056 Colendoe,

131 2070 167 2105 em
175 2066 212 2103 sut
220 2071 318 2100 nummos
322 2060 380 2100 unde
386 2061 443 2099 unde
451 2060 547 2106 extricat,
557 2071 639 2102 amarus

41 2010 223 2263 &iugulo
231 2111 336 2158 historiss,
345 2113 440 2161 captivus
447 2115 479 2156 ut,
488 2110 553 2150 sunit.
564 2136 580 2179 ἢ

59 2210 61 2213 ,
157 2162 260 2202 illectum
283 2167 337 2209 otus,
345 2160 549 2202 menssvecntillum
613 2165 639 2202 9⁰

144 2213 245 2255 nauibus
279 2213 420 2263 tumdcjecltx'
437 2210 587 2312 obhnirczrcm,
