1520 2572
279 191 373 230 EPODI.

272 341 331 379 ODE
343 341 381 380 lx.

216 459 251 496 An
266 459 433 498 Mncnssnnrr.

51 560 151 606 Quiane
159 562 266 608 repostum
274 559 388 597 caeoubnm
396 559 495 599 adrestas
503 560 574 609 dapes,

127 609 212 648 Victore
220 609 283 648 laetus
292 610 382 654 casare,

53 661 133 699 Tecum
141 660 181 699 sub
190 659 240 705 alta,
250 660 280 698 sic
288 659 336 698 Jovi
343 665 433 708 gratum,
442 661 511 707 domo,

128 711 194 749 Beate
203 710 316 754 Maecenas,
324 710 405 756 bibam,

52 763 146 799 sonante
154 761 246 799 mixtum
255 760 313 799 tibiis
322 772 407 800 cumen
414 761 466 810 lyra,

127 811 175 849 Hac
185 810 281 857 Dorium,
290 811 333 850 illis
342 811 474 850 Barbarum?

52 861 82 901 Ut
88 872 164 911 nuper,
174 865 234 900 actus
242 872 309 912 quum
317 861 371 900 ireto
379 862 499 911 Neptunius

129 912 179 950 Dux
186 912 247 960 fugit,
257 912 310 950 ustis
319 913 416 959 navibus,

52 963 149 1002 Minatus
158 962 211 1002 Urbi
218 961 294 1008 vinela,
304 973 352 1011 quae
361 964 481 1002 detraxerat

128 1013 196 1051 Servis
205 1013 285 1051 amicus
295 1013 386 1061 perfidis.

52 1063 170 1109 Romanus,
179 1061 247 1101 eheu!
264 1063 341 1112 posteri
349 1063 459 1112 negabitis.

129 1113 280 1163 Emancipatus
288 1113 380 1159 femina,

51 1165 101 1204 Fert
108 1163 190 1203 vallum
198 1167 220 1201 et
228 1175 287 1202 anna
294 1163 362 1210 miles,
371 1168 392 1202 et
400 1163 528 1213 spadonibus

128 1214 209 1253 Servire
217 1215 297 1262 rugosis
306 1215 385 1263 potest!

52 1266 154 1315 interque
163 1264 223 1313 signa
230 1270 291 1314 turpe
299 1264 400 1302 militaria

129 1314 164 1354 Sol
172 1315 262 1364 adspicit
272 1316 385 1365 conopium
393 1315 398 1353 1

52 1367 85 1406 Ad
93 1366 135 1405 hoc
144 1365 258 1404 frementes
265 1370 373 1404 verterunt
381 1366 413 1404 bis
421 1365 480 1404 mille
488 1377 553 1415 equos

128 1414 191 1461 Galli,
200 1420 300 1454 canentes
309 1416 424 1461 Casuram

51 1466 211 1514 Hostiliumque
219 1467 305 1504 navium
313 1471 374 1514 portu
385 1466 453 1508 latent

128 1517 211 1605 PupBes
218 1516 360 1556 sinistrorsum
368 1518 422 1556 citae.

52 1569 75 1607 lo
84 1566 174 1615 Trinmp
191 1578 202 1604 e
209 1567 215 1604 1
232 1571 256 1605 tu
262 1568 350 1607 moraris
358 1579 432 1609 aureos

127 1617 212 1662 Currus,
222 1621 244 1655 et
251 1617 341 1656 intactas
349 1619 412 1657 boves
422 1632 426 1663 余

53 1669 76 1708 io
85 1667 214 1715 Triumphe!
232 1679 270 1706 nec
279 1668 407 1716 iugurthino
414 1679 487 1718 parem

128 1717 189 1757 Bello
197 1718 308 1766 reportasti
317 1720 391 1759 ducem
398 1732 403 1764 余

53 1770 128 1819 Neque
138 1768 269 1813 Africanum,
278 1769 314 1808 oui
321 1780 384 1818 super
392 1769 540 1818 Carthaginem

127 1819 200 1857 Virtus
209 1818 329 1866 sepulcrum
337 1821 440 1858 condidit.

52 1872 116 1910 Terra
124 1870 221 1917 marique
228 1869 297 1908 vietus
304 1869 377 1917 hostis,
387 1871 467 1909 Punico

128 1920 227 1968 Lugubre
235 1920 326 1959 mutavit
333 1932 414 1969 sagum.

53 1973 95 2011 Aut
102 1970 140 2010 ilie
148 1974 235 2010 centum
244 1970 338 2010 nobilem
346 1972 430 2010 Cretam
437 1972 532 2016 urbibus,

127 2021 201 2059 Ventis
209 2021 277 2062 iturus
286 2032 328 2059 non
337 2021 392 2065 suis余

54 2072 185 2112 Exercitatas
194 2076 232 2110 aut
239 2073 293 2120 petit
300 2072 370 2120 Syrtes
378 2072 440 2118 Noto,

127 2124 172 2162 Aut
178 2122 245 2161 fertur
252 2124 333 2161 incerto
341 2123 401 2160 mari.

53 2175 177 2227 capaciores
186 2172 237 2211 affer
245 2172 293 2217 huc,
303 2184 361 2221 puer,
371 2173 467 2220 scyphos,

128 2225 154 2264 Et
163 2223 215 2263 Chia
224 2225 279 2269 vina,
290 2229 328 2261 aut
337 2223 422 2267 Lesbia余
