1520 2572
207 198 380 238 SATIRARUM
392 199 447 239 ΜΒ.
462 200 480 238 1.
607 200 642 238 127

42 313 117 358 illam,
128 311 178 352 Post
184 313 256 363 paulo,
266 314 303 353 sed
311 314 384 364 pluris,
394 315 412 354 si
420 315 496 354 exierit
503 315 541 361 vir,
606 317 643 354 120

41 363 129 407 Gallis;
151 363 213 411 hanc,
231 364 367 405 Philodemus
387 367 424 413 ait,
443 366 490 413 sibi,
508 375 557 415 qum
574 376 643 415 neque

94 423 175 461 magno

41 465 91 504 Stet
98 464 174 514 pretio,
184 475 252 513 neque
260 471 377 513 cunctetur,
385 478 452 516 quum
458 467 556 515 estJusss
563 467 641 506 venire.

42 514 142 602 Candida
156 521 254 564 rectaque
268 517 301 563 eit,
316 518 397 556 munda
411 517 520 565 hactenus,
535 522 642 568 utreque

104 576 166 613 ongo,

44 616 90 655 Nec
98 616 166 663 magis
175 614 225 653 alba
232 615 290 661 velit,
300 627 365 664 quam
373 617 409 655 det
417 621 500 664 nature,
509 618 583 657 videri.

44 666 98 705 Haec
107 666 145 705 ubi
153 666 264 714 supposuit
272 666 346 704 dextro
353 678 428 716 corpus
436 668 490 706 mihi
497 668 582 715 laevum,

45 716 86 755 ilia
94 721 116 755 et
126 716 203 764 Egeria
210 720 254 759 est;
268 716 296 754 do
304 726 381 754 nomen
388 718 500 765 quodlibet
507 718 551 757 illl:

45 767 89 806 Nec
97 777 178 809 vereor,
188 777 222 811 ne,
233 765 360 811 domiuum,
369 768 402 804 vir
409 779 457 806 rure
465 773 565 813 recurrat,

42 816 116 856 Janua
123 817 241 864 frangatur,
248 815 312 854 latret
319 816 383 862 canis,
392 818 487 865 undique
494 829 571 867 magno

8 886 9 895 ,
44 867 109 906 Pulsa
117 869 194 906 domus
202 866 291 913 strepitu
298 870 389 913 resonet,
397 867 504 916 vepallida
510 867 566 908 lecto

44 917 135 957 Desiliat
143 916 227 961 mulier,
237 916 336 956 miseram
345 928 367 955 oe
375 918 459 956 conscia
467 917 554 965 clamen
604 923 640 960 1³⁰

43 969 146 1007 Gmribus
154 968 202 1005 haec
209 970 298 1013 metuat,
308 968 353 1006 doti
361 967 470 1016 deprenso,
480 972 563 1016 egomet
570 972 606 1009 ml.

45 1019 155 1058 Discincta
164 1018 238 1056 tunica
245 1018 371 1067 fugiendum
380 1022 413 1057 est
419 1030 445 1057 ac
453 1020 506 1067 pede
514 1020 578 1064 nudo,

45 1069 77 1108 Ne
85 1068 169 1108 nummi
178 1073 272 1117 pereant,
282 1073 319 1107 aut
327 1080 388 1118 pyga,
397 1073 435 1108 aut
444 1069 535 1118 denique
543 1070 607 1108 fama.

45 1120 153 1170 Deprendi
159 1119 260 1158 miserum
268 1124 312 1159 eet:
327 1120 393 1160 Fabio
399 1120 434 1161 vel
439 1120 512 1169 iudice
520 1120 609 1160 vincam.

235 1272 341 1312 SATIRA
354 1274 396 1313 111.

41 1373 156 1413 Ouureus
164 1372 205 1412 hoc
212 1373 288 1414 vitium
295 1380 328 1414 est
335 1377 462 1423 cantoribus,
470 1376 526 1416 inter
533 1378 612 1418 athicos

43 1423 72 1463 Ut
78 1434 190 1472 nunquam
198 1424 402 1466 inducantanimum
410 1432 496 1467 cantare
504 1430 577 1478 rogati,

43 1474 122 1524 injussi
129 1485 242 1524 nunquam
249 1477 357 1517 desistant,
384 1479 461 1518 Sardus
469 1479 562 1519 habebat

42 1525 81 1565 lile
90 1524 193 1574 Tigellius
201 1525 247 1565 hoc.
274 1529 348 1573 cesar,
358 1531 395 1577 qui
403 1541 476 1578 cogere
483 1537 560 1579 posset,

41 1576 63 1615 Bi
70 1581 155 1626 poteret
162 1577 321 1625 peramicitiam
328 1580 394 1627 patris
402 1585 466 1629 atque
473 1593 541 1627 suam,
551 1594 594 1621 non

42 1627 161 1676 Quicquam
168 1628 289 1676 proficerem
302 1629 320 1666 si
327 1629 462 1677 collibuisset,
471 1632 498 1670 ab
506 1643 546 1671 ovo

9 1700 10 1729 3
42 1676 114 1728 lisque
123 1678 152 1717 ad
159 1677 217 1716 mala
224 1678 299 1716 citaret
306 1678 330 1715 lo
339 1679 435 1719 Bacchei
452 1683 515 1720 modo
522 1693 606 1721 summa

42 1727 105 1775 Voce,
113 1729 177 1768 modo
183 1728 230 1773 hac,
238 1734 323 1766 resonat
330 1739 378 1777 quae
386 1730 469 1769 chordis
478 1737 568 1781 quatuor
575 1734 627 1772 lma.

43 1779 78 1819 Nil
85 1779 170 1829 aequale
177 1778 308 1817 homiuifuit
316 1778 354 1816 illi.
380 1781 440 1828 Saepe
448 1780 507 1819 velut
514 1782 551 1832 qui

42 1830 150 1874 Currebet,
158 1829 242 1877 fugiens
250 1828 338 1873 hostem,
348 1841 441 1878 pereaepe
448 1831 507 1869 velut
515 1833 552 1882 qui
611 1835 634 1872 10

41 1880 131 1920 lunonis
139 1890 199 1919 sacre
207 1879 281 1917 terret:
297 1879 390 1918 habebat
398 1891 454 1930 saepe
462 1882 570 1929 ducentos,

41 1932 100 1981 ssepe
109 1932 183 1969 decem
191 1941 271 1974 servom
287 1931 351 1968 modo
358 1941 417 1979 reges
426 1936 489 1979 atque
497 1933 620 1980 tetrarchas,

40 1981 117 2020 Omnia
137 1991 215 2029 magua
235 1979 334 2028 loqueum
354 1981 424 2028 modo,
444 1982 475 2021 Sit
489 1983 543 2021 mihi
560 1995 634 2023 mensa

87 2031 153 2080 tripes
162 2035 184 2070 et

40 2080 123 2121 conche
131 2081 182 2120 salle
189 2081 244 2129 puri,
253 2085 275 2120 et
283 2085 338 2130 toga,
347 2093 395 2132 quae
404 2083 517 2122 defendere
525 2083 597 2133 frigus,

39 2130 140 2173 Quamvis
148 2142 224 2177 macca,
233 2138 305 2192 queat·
331 2133 406 2172 Decies
413 2139 503 2173 centena
510 2136 603 2176 dedisses

39 2180 96 2221 iiuic
103 2193 174 2230 parco,
183 2193 257 2231 pauore
264 2187 374 2223 contento:
388 2185 482 2235 quinque
490 2186 566 2225 diebus

40 2231 74 2271 Nil
83 2237 130 2271 erat
138 2234 160 2271 in
168 2232 251 2274 loculis.
278 2235 355 2275 Noctes
363 2235 464 2284 vigilabat
473 2236 500 2276 od
507 2237 577 2286 ipsum

522 2302 539 2335 K
