1562 2568
215 184 418 231 Eiisnonsltusl
432 189 487 228 ΗΒ.
497 189 514 228 Ι.
625 191 662 230 209

63 306 195 357 Exiguaeque
203 313 258 356 toga
266 306 353 346 simulet
358 309 440 345 textore
450 304 558 351 Catonern,

62 359 197 399 virtutemne
204 362 340 407 repraesentet
347 368 457 406 moresque
466 355 565 396 estonist

63 409 132 458 nupit
140 409 241 447 Iarbitam
250 408 370 457 Timagenis
377 406 541 456 aemulalingua‚

64 460 121 499 Dum
129 461 201 499 studet
207 459 309 503 urbanus,
320 459 431 507 tenditque
440 458 531 497 disertus
539 457 620 496 haberi.
643 473 646 477 ·

63 510 149 559 Decipit
155 508 264 558 exemplar
271 509 328 548 vitiis
336 509 440 548 imitabile
449 521 454 547 ε
469 508 552 558 quodsi
578 536 582 544 .

64 560 169 600 Pallerem
177 570 234 605 casu.
241 560 339 598 biberent
346 570 453 608 exsangue
461 560 579 598 cuminum.

63 611 83 651 0
91 612 214 655 imitatores.
224 621 307 649 servum
316 621 387 659 pecus,
397 614 422 648 ut
429 610 482 649 mihi
490 620 546 658 slepe

63 662 141 708 Bflem,
150 671 207 710 saepe
212 661 355 709 Jocumvestri
362 671 446 698 movere
454 659 571 700 tumuituel
635 661 660 699 20

63 712 142 752 Libera
149 722 285 760 pervacuum
293 710 355 759 posui
362 711 451 758 vestigia
461 711 570 759 princeps:

64 763 113 801 Non
121 761 192 800 miens
200 772 247 800 meo
255 762 321 810 pressi
329 761 390 809 pede.
417 761 458 806 Qui
467 761 508 799 sibi
518 762 571 808 fidit,

64 813 116 852 Dux
123 813 178 861 regit
184 822 282 851 examen.
309 811 380 849 Parios
389 822 427 859 ego
435 812 515 859 primus
523 812 606 852 iambos

4 872 6 901 l
65 864 154 902 Ostendi
161 862 228 907 Latio,
237 872 335 900 numeros
344 861 468 909 animosque
475 866 560 901 secutus

65 913 194 958 Archilochi,
204 924 246 951 uon
257 924 289 951 res
297 916 319 950 et
326 911 411 960 agentia
418 912 483 949 verba
492 911 620 960 Lycamben.

65 964 104 1012 Ac,
113 975 140 1002 ne
148 975 183 1002 me
191 963 247 1001 foliis
254 963 302 1001 ideo
310 962 441 1001 brevioribus
449 973 516 1008 ornes,

65 1015 128 1062 Quod
136 1015 199 1054 timui
206 1018 289 1052 mutare
297 1014 370 1051 modos
378 1017 400 1050 et
408 1012 507 1051 carminis
515 1015 582 1051 artem
587 1025 592 1056 ;

64 1065 178 1114 Temperat
187 1063 308 1103 Aichilochi
315 1063 398 1102 Musam
405 1062 459 1111 pade
467 1063 562 1101 mascula
571 1062 661 1113 Sappho,

65 1116 180 1164 Temperat
187 1114 283 1158 Alcaeum
297 1115 334 1153 sed
342 1114 404 1153 rebus
413 1118 434 1151 et
442 1113 515 1151 ordine
524 1114 600 1162 dispar,

64 1166 85 1206 Ν
86 1178 111 1206 ec
119 1177 214 1206 socerum
222 1165 305 1213 quaerit,
314 1175 378 1214 quern
385 1164 479 1202 versibus
488 1163 570 1202 oblinat
577 1164 635 1211 stris,

4 1214 6 1229 ²
67 1217 112 1257 Nec
120 1227 202 1265 sponsae
211 1216 311 1264 laqdeum
319 1216 399 1254 famoso
407 1215 579 1253 carminenectit.
637 1216 659 1254 ³1

65 1267 131 1307 Hunc
138 1279 183 1315 ego.
193 1278 236 1306 non
244 1266 287 1305 alio
294 1266 374 1306 dictum
383 1266 440 1315 prius
449 1276 491 1310 ore,
504 1264 591 1304 Latinus

65 1317 156 1366 Vulgari
164 1317 253 1363 idicem
264 1318 325 1365 juvat
332 1317 478 1356 immemorata
485 1316 588 1355 serentem

66 1369 169 1418 ingenuis
177 1368 286 1418 oculisque
294 1369 342 1417 legi,
351 1368 491 1416 manibusque
498 1367 573 1406 teneri.

67 1419 125 1458 seire
133 1418 192 1465 velis,
200 1430 248 1458 mea
256 1430 294 1458 cur
301 1420 395 1467 ingratus
403 1418 505 1468 opuscula
513 1417 578 1456 lector

65 1469 150 1510 Laudat
158 1474 256 1519 ametque
263 1470 326 1514 domi,
333 1475 415 1519 premat
422 1473 483 1508 extra
488 1469 555 1507 limen
562 1466 662 1519 iniquum

67 1520 116 1560 Non
125 1531 163 1569 ego
171 1526 264 1560 ventosae
271 1521 340 1569 plebis
346 1519 446 1568 suffragia
452 1530 523 1566 venor,

67 1570 173 1621 impensis
181 1581 296 1616 ooenarum,
305 1575 327 1608 et
335 1571 390 1608 tritoe
397 1581 484 1609 munere
492 1569 566 1613 vestim

67 1620 115 1661 Non
125 1632 169 1670 ego,
179 1621 283 1659 nobilium
291 1621 415 1669 scriptorum
423 1621 507 1659 auditor
515 1623 536 1659 et
544 1619 606 1665 ultor,

7 1668 8 1683 ¹
68 1673 222 1713 Grammaticus
230 1671 311 1710 ambire
319 1672 387 1710 tribus
393 1674 415 1709 et
422 1671 505 1720 pulpita
516 1670 602 1719 dignor:
636 1670 664 1708 tc

66 1722 125 1765 Hinc
132 1722 177 1761 ilie
185 1721 291 1760 lacrimael
318 1722 394 1770 Spissis
402 1722 489 1769 indigna
498 1721 585 1760 theatris

53 1792 56 1797 >
68 1773 152 1863 stridfxtla
159 1772 225 1832 pudet
233 1773 328 1831 recitare,
338 1775 359 1811 et
367 1771 429 1819 nugis
436 1772 514 1831 addere
522 1772 611 1820 pondus,

83 1843 85 1848 ·
139 1823 156 1869 ’ς
172 1822 244 1868 Rides.
254 1820 388 1868 a1t‚etJovis
395 1822 482 1860 auribus
490 1826 531 1860 uta

81 1887 84 1920 2
95 1883 102 1906 ὰ
112 1891 126 1905 -π
136 1892 139 1907 ;
150 1886 154 1911 :
167 1872 216 1915 udis
223 1873 280 1911 euim
286 1883 373 1911 manare
380 1872 463 1922 poetica
470 1871 535 1911 malla

123 1943 133 1956 «ι
140 1935 184 1970 um,
190 1924 229 1962 tibi
237 1922 331 1972 pulcher.
359 1923 392 1962 Ad
399 1923 446 1962 haec
455 1934 493 1971 ego
500 1922 587 1963 naribus
595 1925 627 1963 uti

57 1979 69 2016 'J
85 1973 88 1984 ²
105 1997 106 2000 ¹
140 1975 179 2017 do:
194 1980 222 2020 et.
231 1974 332 2013 luctantis
339 1978 402 2012 acuto
410 1984 437 2012 ne
445 1985 503 2013 secer
511 1975 584 2022 ungui,

9 2048 11 2067 ι
179 2024 219 2065 ista
227 2024 292 2070 locus,
301 2024 377 2069 clamo,
386 2028 408 2063 et
416 2023 498 2064 diludia
505 2036 575 2074 posco.

90 2075 108 2128 {³
129 2085 137 2110 ³-
147 2075 206 2119 mim
213 2076 288 2125 gennit
294 2075 400 2125 trepidum
408 2079 515 2114 certamen
524 2080 546 2115 et
553 2077 613 2121 iram,

66 2171 71 2174 ,
91 2127 97 2174 ,’
109 2126 309 2181 bilceainimicitiae
317 2126 435 2166 etiunebre
444 2125 531 2167 bellum.

61 2188 75 2205 ΙΙ
86 2197 88 2200 .
103 2186 107 2195 Ι
