1562 2568
112 185 149 222 198
269 185 294 226 Q.
308 183 432 224 Honsrll
445 183 544 223 Fulccl

115 298 148 338 Ne
155 302 226 339 temen
235 300 323 349 ignores,
332 310 375 349 quo
383 299 411 338 sit
420 299 518 339 nomana
526 300 573 340 loco
582 312 617 340 res
627 314 632 340 ι

115 349 219 389 ecnuber
227 351 333 399 Agrippae,
342 349 418 389 Claudi
426 350 506 389 virtute
515 351 608 390 Neronis

115 400 227 439 Armenius
236 401 323 439 cecidit:
330 402 370 449 ius
382 401 538 450 imperiumque
548 401 657 442 Phraates

114 450 201 490 cnissis
209 451 290 500 accepit
297 451 387 498 genibus
396 451 474 491 minor:
493 462 558 491 sures
565 451 642 501 fruges

113 500 182 540 ltaliae
190 501 252 550 pleno
260 502 343 540 defudit
351 501 416 551 Copis
421 513 496 541 cornu.

309 673 449 713 neisToLA
462 671 526 713 xlii.

272 775 307 813 Ao
321 773 417 813 vmcn
431 774 555 813 meumes.

113 850 148 890 Ur
155 850 321 900 proficiscentem
330 849 393 888 docui
401 853 422 887 te
430 859 487 898 saepe
497 849 584 898 diuque,

114 902 210 950 Augusto
217 901 293 940 reddes
301 901 384 949 signata
392 899 508 946 volumina,
519 900 575 944 Vini,

115 952 136 990 Si
146 951 262 997 vslidnsssl
270 951 386 994 laetm'erit,
396 950 414 988 si
422 951 514 999 denique
522 954 595 999 poscet
604 964 609 994 ;

116 1003 148 1042 Ne
158 1003 229 1042 studio
236 1002 302 1041 nostri
314 1011 395 1050 pecces,
402 1001 519 1049 odiumque
528 1001 608 1040 libellis

116 1053 207 1092 Sedulus
214 1054 315 1102 importes
322 1062 387 1101 opera
394 1050 520 1090 vehemente
527 1052 633 1091 minister.

116 1104 138 1141 Si
147 1108 168 1142 tc
178 1104 231 1142 sorte
239 1113 292 1141 meoe
301 1102 369 1151 gravis
378 1105 425 1139 uret
432 1102 516 1140 sarcina
526 1102 615 1149 chartae,

116 1154 208 1202 Abjicito
216 1153 294 1203 potius,
304 1163 375 1201 quam,
385 1162 427 1201 qno
435 1152 527 1200 perferre
533 1153 617 1200 Juberis

116 1204 217 1248 Clitellas,
227 1204 284 1243 ierus
292 1204 402 1262 impingas,
413 1202 528 1250 Asiuaeque
535 1208 652 1252 paternum

116 1254 237 1301 cognomen
242 1260 311 1293 vertas
320 1255 342 1292 in
351 1263 423 1297 mum,
433 1256 455 1291 et
462 1253 536 1292 sabula
543 1254 590 1292 fies.

118 1305 203 1344 Viribus
211 1306 277 1343 uteris
285 1315 322 1353 per
330 1304 401 1349 clivos,
410 1304 505 1348 flumina,
515 1303 596 1343 lamas:
696 1307 721 1345 le

116 1354 189 1394 Victor
197 1355 298 1404 propositi
306 1353 369 1393 simul
378 1366 403 1392 ac
411 1355 530 1403 perveneris
542 1353 602 1400 illuc,

117 1406 151 1444 Sic
159 1406 251 1454 positum
260 1405 353 1445 servabis
361 1415 420 1449 onus,
431 1416 457 1442 ne
465 1404 518 1442 forte
527 1405 567 1442 sub
576 1404 612 1445 cla

116 1455 249 1496 Fasciculum
257 1460 327 1504 portes
335 1455 443 1497 librorum.
452 1459 477 1493 ut
485 1455 575 1494 rusticus
584 1467 678 1505 sgnum

117 1505 147 1546 Ut
154 1507 227 1545 vinosa
234 1505 315 1554 glomos
323 1505 407 1544 furtivae
417 1505 504 1554 Pyrrhia
512 1505 581 1551 lenm

116 1557 146 1595 Ut
154 1567 203 1596 cum
211 1556 288 1606 pileolo
296 1556 364 1594 soleas
372 1556 460 1594 conviva
469 1555 559 1594 tribulis.

116 1608 149 1647 Ne
158 1607 220 1655 vulgo
229 1618 301 1645 narres
310 1612 330 1645 te
339 1606 447 1645 sudavisse
454 1605 541 1644 ferendo

116 1658 221 1703 Carmina,
229 1667 277 1706 quae
290 1658 371 1706 possint
379 1656 451 1695 oculos
459 1667 564 1704 curesque
573 1660 656 1696 morari

117 1709 215 1748 Caeseris:
230 1712 301 1748 oratus
310 1708 377 1746 multu
385 1718 453 1756 prece,
462 1708 530 1746 nitere
539 1718 608 1756 porro.

116 1759 182 1805 Vade,
192 1758 246 1805 vale,
255 1769 306 1797 cave
315 1770 341 1797 ne
350 1759 436 1804 titubes,
444 1758 589 1807 mandataque
599 1759 696 1809 t‘rangss.

311 1933 449 1974 EPISTOLA
463 1933 522 1972 XIV.

286 2035 320 2073 ilo
333 2035 457 2075 Vruurcun
471 2044 543 2074 suun.

119 2110 222 2149 visuros
231 2110 332 2150 silvorum
340 2116 362 2150 et
369 2111 423 2150 mihi
430 2123 464 2152 me
469 2112 584 2165 ‘reddentis
592 2113 666 2164 offelli,
732 2136 738 2145 ·

118 2161 187 2204 Quem
195 2166 219 2198 tu
227 2161 316 2207 fastidis,
324 2162 445 2201 habitatum
451 2164 546 2211 quinque
554 2163 616 2213 iocis,
625 2171 650 2205 et

119 2210 217 2258 Quinque
226 2210 291 2249 bonos
299 2211 386 2250 solitum
395 2212 480 2252 Verium
488 2213 600 2254 dimittere
609 2220 700 2266 putres}
