1504 2564
183 245 343 286 curtismunt
354 246 410 286 nis.
425 247 467 287 111.
598 252 621 287 ti

72 360 122 400 Hac
130 365 175 400 arte
184 360 261 400 Pollux
268 366 291 401 et
297 372 363 411 vagus
370 361 474 403 Hercules
518 352 528 365 ยน

73 411 154 452 linisus
162 423 221 452 arces
229 412 299 461 attigit
305 413 389 462 igneas:
442 420 449 439 โธ

100 463 158 505 Quos
166 462 222 502 inter
231 463 337 511 Augustus
344 465 470 505 mcumbens

126 513 236 564 Purpureo
242 514 297 553 bibit
305 526 341 553 ors
349 520 429 554 nectar.

73 563 122 603 Hac
131 567 152 602 te
159 568 284 609 merentem,
294 565 377 604 Bacche
390 570 456 615 pater,
465 571 509 606 tues

73 614 159 653 Vexere
167 615 238 664 tigres,
246 615 334 654 indocili
339 616 415 665 jugum

100 664 160 705 Collo
168 665 283 705 trahentes.
309 666 356 705 Hac
365 667 466 713 Quirinus

125 716 203 755 Martis
210 716 270 764 equis
279 717 399 756 Acheronta
406 718 467 767 mgit,

73 766 165 807 Gratum
174 767 276 816 eloquuta
283 766 444 808 consiliantibus

73 817 161 857 lunone
170 817 239 856 Diris:
254 817 316 864 Ilion,
327 818 382 856 ilion

100 868 180 907 Fatalis
189 868 324 917 incestusque
332 869 400 917 judex

126 918 154 958 Et
161 918 239 958 mulier
246 920 357 968 peregrina
365 919 429 958 vertit

73 969 101 1008 ln
109 969 226 1018 pulverem,
237 980 265 1008 ex
271 980 313 1019 quo
322 969 419 1009 destituit
427 969 482 1013 Deos

74 1021 175 1059 Mercede
183 1024 245 1069 pacta
253 1020 382 1065 Laomedon,
387 1020 445 1063 ,mihi

99 1070 211 1119 casteque
220 1072 345 1110 damnatum
354 1070 457 1109 Minerva

125 1121 179 1160 cum
187 1121 266 1170 populo
274 1125 297 1160 et
304 1122 358 1161 duos
366 1120 510 1161 fraudulento.

73 1172 124 1211 Jam
133 1182 172 1211 nec
181 1171 276 1211 Lacenae
285 1171 384 1220 splendet
391 1171 494 1211 adulterae

74 1223 179 1262 Famosus
186 1221 268 1272 hospes,
278 1233 318 1261 nec
327 1222 406 1261 Priami
414 1223 489 1262 domm

99 1274 129 1312 Pe
149 1283 188 1312 ura
194 1283 301 1323 pugnaees
310 1272 401 1312 Achivos

147 1324 235 1362 eetoreis
243 1324 319 1373 opibus
328 1323 435 1373 refringit:

74 1373 199 1422 Nostrisque
208 1375 297 1414 ductrrm
304 1374 444 1414 seditionibus

74 1425 161 1464 Bellum
169 1425 254 1464 resedit.
281 1425 384 1464 Protenus
392 1430 415 1463 et
421 1436 496 1474 graves

99 1476 153 1521 iras,
163 1480 185 1514 et
192 1476 285 1514 inviarum
293 1479 399 1524 nepotem,

124 1526 189 1565 'l'r0ia
195 1536 259 1575 quem
267 1526 349 1576 peperit
357 1526 461 1572 sacerdos,

74 1577 140 1617 Marti
148 1576 262 1616 redonabo.
289 1577 355 1615 illum
363 1588 403 1625 ego
412 1576 494 1617 lucidas

74 1628 132 1667 inire
141 1629 208 1672 sedes,
218 1629 295 1666 ducere
302 1628 394 1666 nectaris

99 1678 184 1724 Succos,
194 1681 216 1715 et
224 1677 314 1716 adscribi
322 1678 400 1726 quietis

125 1727 241 1766 Ordinibus
249 1729 318 1776 patiar
326 1729 426 1767 Deorum.

75 1778 132 1818 Dum
140 1778 217 1826 longus
224 1778 279 1817 inter
287 1779 362 1818 saeviat
367 1778 423 1818 ilion

76 1829 212 1878 Romamque
220 1833 304 1878 pontus,
314 1829 411 1879 qualibet
417 1829 501 1869 exsules

100 1879 127 1919 ln
135 1882 197 1930 parte
206 1883 309 1929 regnanto
319 1881 386 1920 besti:

124 1931 184 1969 Dum
193 1931 270 1969 Priami
280 1931 404 1980 Paridisque
412 1931 475 1969 busto

74 1980 167 2021 insultet
175 1985 301 2027 armentum,
311 1985 334 2020 et
341 1981 422 2021 cetrssos
430 1981 481 2020 ferse

75 2031 151 2071 Celent
160 2031 248 2076 inuitat
262 2035 304 2071 stet
312 2031 441 2082 capitolium

100 2081 199 2130 Pnigeus,
209 2082 385 2132 triumphatisque
393 2081 461 2132 possit

125 2132 196 2172 Roma
204 2133 264 2172 ferox
272 2135 322 2172 dare
328 2135 378 2182 jura
387 2133 463 2172 Medis.

75 2181 188 2223 amus
195 2182 238 2221 late
246 2195 324 2223 nomen
332 2185 355 2223 in
363 2184 449 2224 ultimas

77 2232 184 2273 Extendat
193 2244 247 2279 oras,
257 2245 300 2283 qua
307 2235 391 2274 medius
398 2234 467 2283 liquor

100 2284 196 2324 aecernit
205 2284 303 2333 Europen
311 2285 339 2322 ab
347 2284 405 2331 Afro,

125 2335 173 2377 Qua
181 2335 278 2375 tumidus
285 2334 339 2382 rigat
347 2345 397 2374 arva
406 2333 478 2373 Nilus:
