<?xml version="1.0" encoding="UTF-8"?>
<!DOCTYPE html PUBLIC "-//W3C//DTD XHTML 1.0 Transitional//EN"
    "http://www.w3.org/TR/xhtml1/DTD/xhtml1-transitional.dtd">
<html xmlns="http://www.w3.org/1999/xhtml" xml:lang="en" lang="en">
 <head>
  <title>
</title>
<meta http-equiv="Content-Type" content="text/html;charset=utf-8" />
  <meta name='ocr-system' content='tesseract 3.04.00' />
  <meta name='ocr-capabilities' content='ocr_page ocr_carea ocr_par ocr_line ocrx_word'/>
</head>
<body>
  <div class='ocr_page' id='page_1' title='image "./opera04horagoog_0244.png"; bbox 0 0 1562 2568; ppageno 0'>
   <div class='ocr_carea' id='block_1_1' title="bbox 199 185 662 225">
    <p class='ocr_par' dir='ltr' id='par_1_1' title="bbox 199 185 662 225">
     <span class='ocr_line' id='line_1_1' title="bbox 199 185 662 225; baseline -0.002 0"><span class='ocrx_word' id='word_1_1' title='bbox 199 185 403 225; x_wconf 81' lang='lat' dir='ltr'><strong>EPISTOLARUM</strong></span> <span class='ocrx_word' id='word_1_2' title='bbox 416 185 471 224; x_wconf 89' lang='lat' dir='ltr'>LIB.</span> <span class='ocrx_word' id='word_1_3' title='bbox 481 186 511 224; x_wconf 83' lang='lat'>11.</span> <span class='ocrx_word' id='word_1_4' title='bbox 625 186 662 225; x_wconf 83' lang='grc'><strong>217</strong></span> 
     </span>
    </p>
   </div>
   <div class='ocr_carea' id='block_1_2' title="bbox 6 301 555 400">
    <p class='ocr_par' dir='ltr' id='par_1_2' title="bbox 6 301 555 400">
     <span class='ocr_line' id='line_1_2' title="bbox 6 301 555 351; baseline -0.004 -11"><span class='ocrx_word' id='word_1_5' title='bbox 6 316 7 321; x_wconf 57' lang='grc'>’</span> <span class='ocrx_word' id='word_1_6' title='bbox 62 302 97 341; x_wconf 88' lang='lat' dir='ltr'>lre</span> <span class='ocrx_word' id='word_1_7' title='bbox 105 304 175 351; x_wconf 85' lang='lat' dir='ltr'>poeta,</span> <span class='ocrx_word' id='word_1_8' title='bbox 185 311 257 341; x_wconf 85' lang='lat' dir='ltr'>meum</span> <span class='ocrx_word' id='word_1_9' title='bbox 265 301 302 349; x_wconf 91' lang='lat' dir='ltr'>qui</span> <span class='ocrx_word' id='word_1_10' title='bbox 310 305 383 350; x_wconf 88' lang='lat' dir='ltr'>peetus</span> <span class='ocrx_word' id='word_1_11' title='bbox 392 301 484 340; x_wconf 85' lang='lat' dir='ltr'>inaniter</span> <span class='ocrx_word' id='word_1_12' title='bbox 491 301 555 349; x_wconf 82' lang='lat' dir='ltr'>angit,</span> 
     </span>
     <span class='ocr_line' id='line_1_3' title="bbox 6 351 520 400; baseline 0.004 -13"><span class='ocrx_word' id='word_1_13' title='bbox 6 382 7 387; x_wconf 73' lang='grc'>,</span> <span class='ocrx_word' id='word_1_14' title='bbox 62 353 143 398; x_wconf 84' lang='lat' dir='ltr'>lrritet,</span> <span class='ocrx_word' id='word_1_15' title='bbox 155 351 241 398; x_wconf 83' lang='lat' dir='ltr'>mulcet,</span> <span class='ocrx_word' id='word_1_16' title='bbox 250 351 309 390; x_wconf 82' lang='lat' dir='ltr'>falsis</span> <span class='ocrx_word' id='word_1_17' title='bbox 318 353 431 391; x_wconf 88' lang='lat' dir='ltr'>terroribus</span> <span class='ocrx_word' id='word_1_18' title='bbox 439 351 520 400; x_wconf 79' lang='lat' dir='ltr'>implet,</span> 
     </span>
    </p>
   </div>
   <div class='ocr_carea' id='block_1_3' title="bbox 62 401 661 654">
    <p class='ocr_par' dir='ltr' id='par_1_3' title="bbox 62 401 661 553">
     <span class='ocr_line' id='line_1_4' title="bbox 62 401 661 451; baseline -0.002 -10"><span class='ocrx_word' id='word_1_19' title='bbox 62 402 92 441; x_wconf 87' lang='lat' dir='ltr'>Ut</span> <span class='ocrx_word' id='word_1_20' title='bbox 100 413 183 451; x_wconf 81' lang='lat' dir='ltr'>magus,</span> <span class='ocrx_word' id='word_1_21' title='bbox 193 408 215 441; x_wconf 88' lang='lat' dir='ltr'>et</span> <span class='ocrx_word' id='word_1_22' title='bbox 222 403 285 441; x_wconf 90' lang='lat' dir='ltr'>modo</span> <span class='ocrx_word' id='word_1_23' title='bbox 292 413 327 441; x_wconf 92' lang='lat' dir='ltr'>me</span> <span class='ocrx_word' id='word_1_24' title='bbox 336 403 421 447; x_wconf 83' lang='lat' dir='ltr'>Thebis,</span> <span class='ocrx_word' id='word_1_25' title='bbox 429 403 493 441; x_wconf 89' lang='lat' dir='ltr'>modo</span> <span class='ocrx_word' id='word_1_26' title='bbox 500 401 661 451; x_wconf 78' lang='lat' dir='ltr'>ponitAthenis.</span> 
     </span>
     <span class='ocr_line' id='line_1_5' title="bbox 62 452 615 501; baseline 0 -10"><span class='ocrx_word' id='word_1_27' title='bbox 62 452 146 492; x_wconf 85' lang='lat' dir='ltr'>Verum</span> <span class='ocrx_word' id='word_1_28' title='bbox 155 464 201 501; x_wconf 76' lang='lat' dir='ltr'>age,</span> <span class='ocrx_word' id='word_1_29' title='bbox 210 453 270 492; x_wconf 85' lang='lat' dir='ltr'>ethis</span> <span class='ocrx_word' id='word_1_30' title='bbox 278 453 315 501; x_wconf 88' lang='lat' dir='ltr'>qui</span> <span class='ocrx_word' id='word_1_31' title='bbox 324 464 347 492; x_wconf 88' lang='lat' dir='ltr'>se</span> <span class='ocrx_word' id='word_1_32' title='bbox 353 453 426 492; x_wconf 85' lang='lat' dir='ltr'>lectori</span> <span class='ocrx_word' id='word_1_33' title='bbox 434 455 519 492; x_wconf 88' lang='lat' dir='ltr'>credere</span> <span class='ocrx_word' id='word_1_34' title='bbox 524 452 615 498; x_wconf 86' lang='lat' dir='ltr'>malunt,</span> 
     </span>
     <span class='ocr_line' id='line_1_6' title="bbox 63 503 523 553; baseline -0.009 -9"><span class='ocrx_word' id='word_1_35' title='bbox 63 504 135 545; x_wconf 80' lang='lat' dir='ltr'>Quam</span> <span class='ocrx_word' id='word_1_36' title='bbox 143 504 265 553; x_wconf 74' lang='lat' dir='ltr'><strong>spectatoris</strong></span> <span class='ocrx_word' id='word_1_37' title='bbox 274 504 360 542; x_wconf 82' lang='lat' dir='ltr'>fastidia</span> <span class='ocrx_word' id='word_1_38' title='bbox 367 504 421 543; x_wconf 83' lang='lat' dir='ltr'>ferre</span> <span class='ocrx_word' id='word_1_39' title='bbox 430 503 523 552; x_wconf 76' lang='lat' dir='ltr'>superbi,</span> 
     </span>
    </p>

    <p class='ocr_par' dir='ltr' id='par_1_4' title="bbox 63 553 630 654">
     <span class='ocr_line' id='line_1_7' title="bbox 63 553 630 603; baseline -0.002 -11"><span class='ocrx_word' id='word_1_40' title='bbox 63 554 142 593; x_wconf 80' lang='lat' dir='ltr'>Curam</span> <span class='ocrx_word' id='word_1_41' title='bbox 151 555 215 593; x_wconf 81' lang='lat' dir='ltr'>redde</span> <span class='ocrx_word' id='word_1_42' title='bbox 223 554 314 599; x_wconf 85' lang='lat' dir='ltr'>brevem,</span> <span class='ocrx_word' id='word_1_43' title='bbox 322 555 341 593; x_wconf 92' lang='lat' dir='ltr'>si</span> <span class='ocrx_word' id='word_1_44' title='bbox 349 566 426 593; x_wconf 88' lang='lat' dir='ltr'>munus</span> <span class='ocrx_word' id='word_1_45' title='bbox 436 553 533 603; x_wconf 84' lang='lat' dir='ltr'>Apolline</span> <span class='ocrx_word' id='word_1_46' title='bbox 542 553 630 602; x_wconf 79' lang='lat' dir='ltr'>dignum</span> 
     </span>
     <span class='ocr_line' id='line_1_8' title="bbox 63 603 581 654; baseline 0 -12"><span class='ocrx_word' id='word_1_47' title='bbox 63 603 102 643; x_wconf 88' lang='lat' dir='ltr'>Vis</span> <span class='ocrx_word' id='word_1_48' title='bbox 111 604 217 654; x_wconf 88' lang='lat' dir='ltr'>complere</span> <span class='ocrx_word' id='word_1_49' title='bbox 224 604 290 649; x_wconf 88' lang='lat' dir='ltr'>libris,</span> <span class='ocrx_word' id='word_1_50' title='bbox 300 607 322 642; x_wconf 89' lang='lat' dir='ltr'>et</span> <span class='ocrx_word' id='word_1_51' title='bbox 329 606 413 643; x_wconf 83' lang='lat' dir='ltr'>vatibus</span> <span class='ocrx_word' id='word_1_52' title='bbox 421 606 498 644; x_wconf 89' lang='lat' dir='ltr'>addere</span> <span class='ocrx_word' id='word_1_53' title='bbox 505 603 581 650; x_wconf 87' lang='lat' dir='ltr'>calcar,</span> 
     </span>
    </p>
   </div>
   <div class='ocr_carea' id='block_1_4' title="bbox 6 653 575 705">
    <p class='ocr_par' dir='ltr' id='par_1_5' title="bbox 6 653 575 705">
     <span class='ocr_line' id='line_1_9' title="bbox 6 653 575 705; baseline 0 -13"><span class='ocrx_word' id='word_1_54' title='bbox 6 702 7 705; x_wconf 11' lang='grc' dir='ltr'><strong>Ἴ</strong></span> <span class='ocrx_word' id='word_1_55' title='bbox 67 653 96 693; x_wconf 90' lang='lat' dir='ltr'>Ut</span> <span class='ocrx_word' id='word_1_56' title='bbox 103 655 175 695; x_wconf 87' lang='lat' dir='ltr'>studio</span> <span class='ocrx_word' id='word_1_57' title='bbox 183 656 262 704; x_wconf 68' lang='lat' dir='ltr'>maiore</span> <span class='ocrx_word' id='word_1_58' title='bbox 270 659 345 704; x_wconf 79' lang='lat' dir='ltr'>petant</span> <span class='ocrx_word' id='word_1_59' title='bbox 353 655 457 694; x_wconf 82' lang='lat' dir='ltr'>Helicona</span> <span class='ocrx_word' id='word_1_60' title='bbox 464 656 575 694; x_wconf 87' lang='lat' dir='ltr'>virentem.</span> 
     </span>
    </p>
   </div>
   <div class='ocr_carea' id='block_1_5' title="bbox 63 704 664 1057">
    <p class='ocr_par' dir='ltr' id='par_1_6' title="bbox 64 704 605 755">
     <span class='ocr_line' id='line_1_10' title="bbox 64 704 605 755; baseline 0 -11"><span class='ocrx_word' id='word_1_61' title='bbox 64 705 136 744; x_wconf 86' lang='lat' dir='ltr'>Multa</span> <span class='ocrx_word' id='word_1_62' title='bbox 144 706 229 754; x_wconf 89' lang='lat' dir='ltr'>quidem</span> <span class='ocrx_word' id='word_1_63' title='bbox 237 705 299 744; x_wconf 89' lang='lat' dir='ltr'>nobis</span> <span class='ocrx_word' id='word_1_64' title='bbox 305 705 396 744; x_wconf 77' lang='lat' dir='ltr'>tacimus</span> <span class='ocrx_word' id='word_1_65' title='bbox 408 704 465 744; x_wconf 82' lang='lat' dir='ltr'>mala</span> <span class='ocrx_word' id='word_1_66' title='bbox 472 715 529 754; x_wconf 84' lang='lat' dir='ltr'>saepe</span> <span class='ocrx_word' id='word_1_67' title='bbox 536 708 605 755; x_wconf 74' lang='lat' dir='ltr'>poeta</span> 
     </span>
    </p>

    <p class='ocr_par' dir='ltr' id='par_1_7' title="bbox 63 756 664 1005">
     <span class='ocr_line' id='line_1_11' title="bbox 63 756 644 804; baseline -0.003 -10"><span class='ocrx_word' id='word_1_68' title='bbox 63 756 103 802; x_wconf 87' lang='lat' dir='ltr'>(Ut</span> <span class='ocrx_word' id='word_1_69' title='bbox 110 757 183 794; x_wconf 83' lang='lat' dir='ltr'>vineta</span> <span class='ocrx_word' id='word_1_70' title='bbox 190 761 274 804; x_wconf 80' lang='lat' dir='ltr'>egomet</span> <span class='ocrx_word' id='word_1_71' title='bbox 281 756 362 794; x_wconf 82' lang='lat' dir='ltr'>credam</span> <span class='ocrx_word' id='word_1_72' title='bbox 369 757 433 801; x_wconf 82' lang='lat' dir='ltr'>mee),</span> <span class='ocrx_word' id='word_1_73' title='bbox 443 766 509 803; x_wconf 90' lang='lat' dir='ltr'>quum</span> <span class='ocrx_word' id='word_1_74' title='bbox 518 756 557 794; x_wconf 86' lang='lat' dir='ltr'>tibi</span> <span class='ocrx_word' id='word_1_75' title='bbox 564 756 644 793; x_wconf 85' lang='lat' dir='ltr'>librum</span> 
     </span>
     <span class='ocr_line' id='line_1_12' title="bbox 64 804 638 854; baseline -0.002 -9"><span class='ocrx_word' id='word_1_76' title='bbox 64 806 160 846; x_wconf 81' lang='lat' dir='ltr'>Sollicite</span> <span class='ocrx_word' id='word_1_77' title='bbox 169 807 250 851; x_wconf 88' lang='lat' dir='ltr'>damus,</span> <span class='ocrx_word' id='word_1_78' title='bbox 259 811 298 845; x_wconf 87' lang='lat' dir='ltr'>aut</span> <span class='ocrx_word' id='word_1_79' title='bbox 304 806 370 848; x_wconf 78' lang='lat' dir='ltr'>iesse;</span> <span class='ocrx_word' id='word_1_80' title='bbox 384 817 451 854; x_wconf 88' lang='lat' dir='ltr'>quum</span> <span class='ocrx_word' id='word_1_81' title='bbox 460 804 564 850; x_wconf 78' lang='lat' dir='ltr'>laedimur,</span> <span class='ocrx_word' id='word_1_82' title='bbox 570 816 638 844; x_wconf 88' lang='lat' dir='ltr'>unum</span> 
     </span>
     <span class='ocr_line' id='line_1_13' title="bbox 64 856 664 906; baseline -0.003 -11"><span class='ocrx_word' id='word_1_83' title='bbox 64 858 85 895; x_wconf 80' lang='lat' dir='ltr'>Sl</span> <span class='ocrx_word' id='word_1_84' title='bbox 95 858 144 906; x_wconf 88' lang='lat' dir='ltr'>quis</span> <span class='ocrx_word' id='word_1_85' title='bbox 152 857 269 895; x_wconf 88' lang='lat' dir='ltr'>amicorum</span> <span class='ocrx_word' id='word_1_86' title='bbox 277 862 309 895; x_wconf 87' lang='lat' dir='ltr'>est</span> <span class='ocrx_word' id='word_1_87' title='bbox 317 867 381 894; x_wconf 85' lang='lat' dir='ltr'>ausus</span> <span class='ocrx_word' id='word_1_88' title='bbox 389 857 514 904; x_wconf 79' lang='lat' dir='ltr'>reprendere</span> <span class='ocrx_word' id='word_1_89' title='bbox 522 866 616 902; x_wconf 84' lang='lat' dir='ltr'>versum;</span> <span class='ocrx_word' id='word_1_90' title='bbox 625 856 664 894; x_wconf 91' lang='grc'>222</span> 
     </span>
     <span class='ocr_line' id='line_1_14' title="bbox 63 906 598 955; baseline -0.006 -9"><span class='ocrx_word' id='word_1_91' title='bbox 63 908 137 954; x_wconf 81' lang='lat' dir='ltr'>Quum</span> <span class='ocrx_word' id='word_1_92' title='bbox 145 907 192 946; x_wconf 86' lang='lat' dir='ltr'>lece</span> <span class='ocrx_word' id='word_1_93' title='bbox 197 908 242 955; x_wconf 81' lang='lat' dir='ltr'>jam</span> <span class='ocrx_word' id='word_1_94' title='bbox 250 907 338 946; x_wconf 85' lang='lat' dir='ltr'>recitata</span> <span class='ocrx_word' id='word_1_95' title='bbox 345 906 472 945; x_wconf 83' lang='lat' dir='ltr'>revolvimus</span> <span class='ocrx_word' id='word_1_96' title='bbox 478 906 598 951; x_wconf 80' lang='lat' dir='ltr'>irrevocati3</span> 
     </span>
     <span class='ocr_line' id='line_1_15' title="bbox 65 956 546 1005; baseline -0.006 -9"><span class='ocrx_word' id='word_1_97' title='bbox 65 958 137 1004; x_wconf 81' lang='lat' dir='ltr'>Quum</span> <span class='ocrx_word' id='word_1_98' title='bbox 145 958 293 1001; x_wconf 76' lang='lat' dir='ltr'>lamentamur,</span> <span class='ocrx_word' id='word_1_99' title='bbox 303 968 345 995; x_wconf 90' lang='lat' dir='ltr'>non</span> <span class='ocrx_word' id='word_1_100' title='bbox 354 967 455 1005; x_wconf 86' lang='lat' dir='ltr'>apparere</span> <span class='ocrx_word' id='word_1_101' title='bbox 463 956 546 994; x_wconf 89' lang='lat' dir='ltr'>labores</span> 
     </span>
    </p>

    <p class='ocr_par' dir='ltr' id='par_1_8' title="bbox 65 1005 519 1057">
     <span class='ocr_line' id='line_1_16' title="bbox 65 1005 519 1057; baseline -0.009 -10"><span class='ocrx_word' id='word_1_102' title='bbox 65 1009 160 1053; x_wconf 82' lang='lat' dir='ltr'>Nostros,</span> <span class='ocrx_word' id='word_1_103' title='bbox 169 1011 191 1046; x_wconf 89' lang='lat' dir='ltr'>et</span> <span class='ocrx_word' id='word_1_104' title='bbox 199 1009 259 1047; x_wconf 82' lang='lat' dir='ltr'>tenui</span> <span class='ocrx_word' id='word_1_105' title='bbox 268 1008 359 1046; x_wconf 84' lang='lat' dir='ltr'>deducta</span> <span class='ocrx_word' id='word_1_106' title='bbox 366 1011 464 1057; x_wconf 81' lang='lat' dir='ltr'>poemata</span> <span class='ocrx_word' id='word_1_107' title='bbox 472 1005 519 1050; x_wconf 83' lang='lat' dir='ltr'>fllo;</span> 
     </span>
    </p>
   </div>
   <div class='ocr_carea' id='block_1_6' title="bbox 6 1056 644 1108">
    <p class='ocr_par' dir='ltr' id='par_1_9' title="bbox 6 1056 644 1108">
     <span class='ocr_line' id='line_1_17' title="bbox 6 1056 644 1108; baseline -0.011 -7"><span class='ocrx_word' id='word_1_108' title='bbox 6 1066 7 1101; x_wconf 62' lang='lat'>3</span> <span class='ocrx_word' id='word_1_109' title='bbox 65 1059 136 1100; x_wconf 78' lang='lat' dir='ltr'>Quum</span> <span class='ocrx_word' id='word_1_110' title='bbox 144 1069 260 1108; x_wconf 84' lang='lat' dir='ltr'>speramus,</span> <span class='ocrx_word' id='word_1_111' title='bbox 267 1070 292 1097; x_wconf 92' lang='lat' dir='ltr'>eo</span> <span class='ocrx_word' id='word_1_112' title='bbox 300 1069 344 1096; x_wconf 90' lang='lat' dir='ltr'>rem</span> <span class='ocrx_word' id='word_1_113' title='bbox 351 1062 470 1101; x_wconf 85' lang='lat' dir='ltr'>venturam,</span> <span class='ocrx_word' id='word_1_114' title='bbox 477 1060 507 1102; x_wconf 87' lang='lat' dir='ltr'>ut,</span> <span class='ocrx_word' id='word_1_115' title='bbox 515 1056 644 1104; x_wconf 73' lang='lat' dir='ltr'>simulatque</span> 
     </span>
    </p>
   </div>
   <div class='ocr_carea' id='block_1_7' title="bbox 66 1106 607 1156">
    <p class='ocr_par' dir='ltr' id='par_1_10' title="bbox 66 1106 607 1156">
     <span class='ocr_line' id='line_1_18' title="bbox 66 1106 607 1156; baseline -0.004 -8"><span class='ocrx_word' id='word_1_116' title='bbox 66 1109 164 1148; x_wconf 80' lang='lat' dir='ltr'>Carmina</span> <span class='ocrx_word' id='word_1_117' title='bbox 172 1108 267 1147; x_wconf 86' lang='lat' dir='ltr'>rescieris</span> <span class='ocrx_word' id='word_1_118' title='bbox 276 1120 314 1147; x_wconf 95' lang='lat' dir='ltr'>nos</span> <span class='ocrx_word' id='word_1_119' title='bbox 321 1109 407 1156; x_wconf 76' lang='lat' dir='ltr'>fingere,</span> <span class='ocrx_word' id='word_1_120' title='bbox 419 1107 541 1146; x_wconf 86' lang='lat' dir='ltr'>commodus</span> <span class='ocrx_word' id='word_1_121' title='bbox 550 1106 607 1146; x_wconf 91' lang='lat' dir='ltr'>ultro</span> 
     </span>
    </p>
   </div>
   <div class='ocr_carea' id='block_1_8' title="bbox 5 1159 549 1211">
    <p class='ocr_par' dir='ltr' id='par_1_11' title="bbox 5 1159 549 1211">
     <span class='ocr_line' id='line_1_19' title="bbox 5 1159 549 1211; baseline -0.007 -12"><span class='ocrx_word' id='word_1_122' title='bbox 5 1188 6 1211; x_wconf 53' lang='lat'>3</span> <span class='ocrx_word' id='word_1_123' title='bbox 65 1160 172 1205; x_wconf 80' lang='lat' dir='ltr'>Arcessas,</span> <span class='ocrx_word' id='word_1_124' title='bbox 179 1164 201 1198; x_wconf 92' lang='lat' dir='ltr'>et</span> <span class='ocrx_word' id='word_1_125' title='bbox 209 1170 270 1207; x_wconf 77' lang='lat' dir='ltr'>egere</span> <span class='ocrx_word' id='word_1_126' title='bbox 278 1163 342 1204; x_wconf 87' lang='lat' dir='ltr'>vetes,</span> <span class='ocrx_word' id='word_1_127' title='bbox 353 1164 375 1198; x_wconf 88' lang='lat' dir='ltr'>et</span> <span class='ocrx_word' id='word_1_128' title='bbox 382 1159 472 1197; x_wconf 85' lang='lat' dir='ltr'>scribere</span> <span class='ocrx_word' id='word_1_129' title='bbox 481 1168 549 1206; x_wconf 78' lang='lat' dir='ltr'>cogas.</span> 
     </span>
    </p>
   </div>
   <div class='ocr_carea' id='block_1_9' title="bbox 65 1207 626 1260">
    <p class='ocr_par' dir='ltr' id='par_1_12' title="bbox 65 1207 626 1260">
     <span class='ocr_line' id='line_1_20' title="bbox 65 1207 626 1260; baseline -0.005 -11"><span class='ocrx_word' id='word_1_130' title='bbox 65 1211 106 1250; x_wconf 84' lang='lat' dir='ltr'>Sed</span> <span class='ocrx_word' id='word_1_131' title='bbox 114 1214 186 1249; x_wconf 89' lang='lat' dir='ltr'>tamen</span> <span class='ocrx_word' id='word_1_132' title='bbox 194 1215 227 1249; x_wconf 88' lang='lat' dir='ltr'>est</span> <span class='ocrx_word' id='word_1_133' title='bbox 234 1220 303 1258; x_wconf 75' lang='lat' dir='ltr'>operte</span> <span class='ocrx_word' id='word_1_134' title='bbox 312 1211 404 1260; x_wconf 85' lang='lat' dir='ltr'>pretium</span> <span class='ocrx_word' id='word_1_135' title='bbox 411 1219 542 1257; x_wconf 79' lang='lat' dir='ltr'>cognoscere,</span> <span class='ocrx_word' id='word_1_136' title='bbox 552 1207 626 1258; x_wconf 86' lang='lat' dir='ltr'>quales</span> 
     </span>
    </p>
   </div>
   <div class='ocr_carea' id='block_1_10' title="bbox 6 1258 665 1310">
    <p class='ocr_par' dir='ltr' id='par_1_13' title="bbox 6 1258 665 1310">
     <span class='ocr_line' id='line_1_21' title="bbox 6 1258 665 1310; baseline -0.006 -10"><span class='ocrx_word' id='word_1_137' title='bbox 6 1295 8 1299; x_wconf 90' lang='lat'><em>.</em></span> <span class='ocrx_word' id='word_1_138' title='bbox 65 1260 163 1300; x_wconf 84' lang='lat' dir='ltr'>AEdituos</span> <span class='ocrx_word' id='word_1_139' title='bbox 175 1259 253 1299; x_wconf 85' lang='lat' dir='ltr'>habeat</span> <span class='ocrx_word' id='word_1_140' title='bbox 260 1260 312 1299; x_wconf 89' lang='lat' dir='ltr'>belli</span> <span class='ocrx_word' id='word_1_141' title='bbox 320 1265 415 1310; x_wconf 82' lang='lat' dir='ltr'>spectata</span> <span class='ocrx_word' id='word_1_142' title='bbox 423 1260 523 1307; x_wconf 88' lang='lat' dir='ltr'>domique</span> <span class='ocrx_word' id='word_1_143' title='bbox 626 1258 665 1297; x_wconf 83' lang='grc'><strong>230</strong></span> 
     </span>
    </p>
   </div>
   <div class='ocr_carea' id='block_1_11' title="bbox 28 1311 665 2228">
    <p class='ocr_par' dir='ltr' id='par_1_14' title="bbox 66 1311 538 1360">
     <span class='ocr_line' id='line_1_22' title="bbox 66 1311 538 1360; baseline -0.006 -11"><span class='ocrx_word' id='word_1_144' title='bbox 66 1311 145 1357; x_wconf 87' lang='lat' dir='ltr'>Virtus,</span> <span class='ocrx_word' id='word_1_145' title='bbox 152 1311 242 1360; x_wconf 79' lang='lat' dir='ltr'>indigno</span> <span class='ocrx_word' id='word_1_146' title='bbox 250 1322 294 1350; x_wconf 86' lang='lat' dir='ltr'>non</span> <span class='ocrx_word' id='word_1_147' title='bbox 301 1311 454 1350; x_wconf 87' lang='lat' dir='ltr'>committenda</span> <span class='ocrx_word' id='word_1_148' title='bbox 462 1314 538 1359; x_wconf 82' lang='lat' dir='ltr'>poetae.</span> 
     </span>
    </p>

    <p class='ocr_par' dir='ltr' id='par_1_15' title="bbox 67 1360 514 1411">
     <span class='ocr_line' id='line_1_23' title="bbox 67 1360 514 1411; baseline -0.007 -11"><span class='ocrx_word' id='word_1_149' title='bbox 67 1362 144 1401; x_wconf 81' lang='lat' dir='ltr'>Gratus</span> <span class='ocrx_word' id='word_1_150' title='bbox 154 1361 276 1401; x_wconf 83' lang='lat' dir='ltr'>Alexandro</span> <span class='ocrx_word' id='word_1_151' title='bbox 289 1363 333 1411; x_wconf 79' lang='lat' dir='ltr'>regi</span> <span class='ocrx_word' id='word_1_152' title='bbox 342 1362 421 1410; x_wconf 79' lang='lat' dir='ltr'>Magno</span> <span class='ocrx_word' id='word_1_153' title='bbox 428 1361 470 1400; x_wconf 81' lang='lat' dir='ltr'>fuit</span> <span class='ocrx_word' id='word_1_154' title='bbox 477 1360 514 1398; x_wconf 86' lang='lat' dir='ltr'>ille</span> 
     </span>
    </p>

    <p class='ocr_par' dir='ltr' id='par_1_16' title="bbox 65 1410 576 1461">
     <span class='ocr_line' id='line_1_24' title="bbox 65 1410 576 1461; baseline -0.008 -9"><span class='ocrx_word' id='word_1_155' title='bbox 65 1412 177 1459; x_wconf 83' lang='lat' dir='ltr'>Choerilus,</span> <span class='ocrx_word' id='word_1_156' title='bbox 186 1412 273 1451; x_wconf 85' lang='lat' dir='ltr'>incultis</span> <span class='ocrx_word' id='word_1_157' title='bbox 280 1413 317 1461; x_wconf 92' lang='lat' dir='ltr'>qui</span> <span class='ocrx_word' id='word_1_158' title='bbox 324 1413 419 1452; x_wconf 86' lang='lat' dir='ltr'>versibus</span> <span class='ocrx_word' id='word_1_159' title='bbox 427 1417 449 1451; x_wconf 92' lang='lat' dir='ltr'>et</span> <span class='ocrx_word' id='word_1_160' title='bbox 456 1410 512 1449; x_wconf 84' lang='lat' dir='ltr'>male</span> <span class='ocrx_word' id='word_1_161' title='bbox 521 1411 576 1449; x_wconf 87' lang='lat' dir='ltr'>netis</span> 
     </span>
    </p>

    <p class='ocr_par' dir='ltr' id='par_1_17' title="bbox 65 1461 582 1512">
     <span class='ocr_line' id='line_1_25' title="bbox 65 1461 582 1512; baseline -0.01 -10"><span class='ocrx_word' id='word_1_162' title='bbox 65 1461 148 1502; x_wconf 82' lang='lat' dir='ltr'>Retulit</span> <span class='ocrx_word' id='word_1_163' title='bbox 156 1467 258 1512; x_wconf 85' lang='lat' dir='ltr'>acceptos,</span> <span class='ocrx_word' id='word_1_164' title='bbox 268 1462 337 1511; x_wconf 77' lang='lat' dir='ltr'>regale</span> <span class='ocrx_word' id='word_1_165' title='bbox 346 1464 457 1508; x_wconf 85' lang='lat' dir='ltr'>nomisma,</span> <span class='ocrx_word' id='word_1_166' title='bbox 468 1461 582 1510; x_wconf 88' lang='lat' dir='ltr'>Philippos.</span> 
     </span>
    </p>

    <p class='ocr_par' dir='ltr' id='par_1_18' title="bbox 65 1512 602 1561">
     <span class='ocr_line' id='line_1_26' title="bbox 65 1512 602 1561; baseline -0.006 -9"><span class='ocrx_word' id='word_1_167' title='bbox 65 1513 107 1553; x_wconf 68' lang='lat' dir='ltr'>Sed</span> <span class='ocrx_word' id='word_1_168' title='bbox 115 1513 182 1552; x_wconf 85' lang='lat' dir='ltr'>veluti</span> <span class='ocrx_word' id='word_1_169' title='bbox 189 1517 279 1551; x_wconf 82' lang='lat' dir='ltr'>tractata</span> <span class='ocrx_word' id='word_1_170' title='bbox 287 1519 361 1552; x_wconf 88' lang='lat' dir='ltr'>notam</span> <span class='ocrx_word' id='word_1_171' title='bbox 368 1513 481 1561; x_wconf 86' lang='lat' dir='ltr'>labemque</span> <span class='ocrx_word' id='word_1_172' title='bbox 490 1512 602 1551; x_wconf 87' lang='lat' dir='ltr'>remittunt</span> 
     </span>
    </p>

    <p class='ocr_par' dir='ltr' id='par_1_19' title="bbox 66 1563 537 1613">
     <span class='ocr_line' id='line_1_27' title="bbox 66 1563 537 1613; baseline -0.006 -9"><span class='ocrx_word' id='word_1_173' title='bbox 66 1565 197 1608; x_wconf 77' lang='lat' dir='ltr'>atramenta,</span> <span class='ocrx_word' id='word_1_174' title='bbox 206 1563 251 1601; x_wconf 77' lang='lat' dir='ltr'>tere</span> <span class='ocrx_word' id='word_1_175' title='bbox 257 1565 368 1613; x_wconf 71' lang='lat' dir='ltr'>scriptores</span> <span class='ocrx_word' id='word_1_176' title='bbox 377 1564 470 1602; x_wconf 87' lang='lat' dir='ltr'>carmine</span> <span class='ocrx_word' id='word_1_177' title='bbox 478 1563 537 1602; x_wconf 78' lang='lat' dir='ltr'>roedo</span> 
     </span>
    </p>

    <p class='ocr_par' dir='ltr' id='par_1_20' title="bbox 65 1612 603 1663">
     <span class='ocr_line' id='line_1_28' title="bbox 65 1612 603 1663; baseline -0.004 -10"><span class='ocrx_word' id='word_1_178' title='bbox 65 1614 182 1663; x_wconf 81' lang='lat' dir='ltr'>splendida</span> <span class='ocrx_word' id='word_1_179' title='bbox 190 1612 247 1651; x_wconf 81' lang='lat' dir='ltr'>faeta</span> <span class='ocrx_word' id='word_1_180' title='bbox 254 1612 332 1652; x_wconf 85' lang='lat' dir='ltr'>linunt.</span> <span class='ocrx_word' id='word_1_181' title='bbox 359 1615 419 1653; x_wconf 88' lang='lat' dir='ltr'>Idem</span> <span class='ocrx_word' id='word_1_182' title='bbox 427 1625 465 1652; x_wconf 85' lang='lat' dir='ltr'>rex</span> <span class='ocrx_word' id='word_1_183' title='bbox 473 1613 517 1659; x_wconf 82' lang='lat' dir='ltr'>ille,</span> <span class='ocrx_word' id='word_1_184' title='bbox 526 1623 603 1662; x_wconf 88' lang='lat' dir='ltr'>poema</span> 
     </span>
    </p>

    <p class='ocr_par' dir='ltr' id='par_1_21' title="bbox 65 1663 575 1713">
     <span class='ocr_line' id='line_1_29' title="bbox 65 1663 575 1713; baseline -0.006 -9"><span class='ocrx_word' id='word_1_185' title='bbox 65 1666 108 1712; x_wconf 81' lang='lat' dir='ltr'>Qui</span> <span class='ocrx_word' id='word_1_186' title='bbox 116 1669 160 1703; x_wconf 86' lang='lat' dir='ltr'>tam</span> <span class='ocrx_word' id='word_1_187' title='bbox 166 1663 287 1707; x_wconf 83' lang='lat' dir='ltr'>ridiculum,</span> <span class='ocrx_word' id='word_1_188' title='bbox 298 1667 341 1702; x_wconf 83' lang='lat' dir='ltr'>tam</span> <span class='ocrx_word' id='word_1_189' title='bbox 350 1675 398 1703; x_wconf 87' lang='lat' dir='ltr'>care</span> <span class='ocrx_word' id='word_1_190' title='bbox 406 1666 508 1713; x_wconf 72' lang='lat' dir='ltr'>prodigus</span> <span class='ocrx_word' id='word_1_191' title='bbox 516 1664 575 1710; x_wconf 84' lang='lat' dir='ltr'>emit,</span> 
     </span>
    </p>

    <p class='ocr_par' dir='ltr' id='par_1_22' title="bbox 67 1713 529 1763">
     <span class='ocr_line' id='line_1_30' title="bbox 67 1713 529 1763; baseline -0.006 -8"><span class='ocrx_word' id='word_1_192' title='bbox 67 1716 142 1755; x_wconf 81' lang='lat' dir='ltr'>Edicto</span> <span class='ocrx_word' id='word_1_193' title='bbox 150 1714 224 1757; x_wconf 86' lang='lat' dir='ltr'>vetuit,</span> <span class='ocrx_word' id='word_1_194' title='bbox 233 1724 260 1751; x_wconf 90' lang='lat' dir='ltr'>ne</span> <span class='ocrx_word' id='word_1_195' title='bbox 269 1714 346 1761; x_wconf 88' lang='lat' dir='ltr'>quisse</span> <span class='ocrx_word' id='word_1_196' title='bbox 355 1719 431 1763; x_wconf 76' lang='lat' dir='ltr'>praeter</span> <span class='ocrx_word' id='word_1_197' title='bbox 439 1713 529 1763; x_wconf 83' lang='lat' dir='ltr'>Apellen</span> 
     </span>
    </p>

    <p class='ocr_par' dir='ltr' id='par_1_23' title="bbox 66 1762 665 1814">
     <span class='ocr_line' id='line_1_31' title="bbox 66 1762 665 1814; baseline -0.005 -10"><span class='ocrx_word' id='word_1_198' title='bbox 66 1766 171 1814; x_wconf 74' lang='lat' dir='ltr'>Pingeret.</span> <span class='ocrx_word' id='word_1_199' title='bbox 180 1767 218 1802; x_wconf 85' lang='lat' dir='ltr'>aut</span> <span class='ocrx_word' id='word_1_200' title='bbox 225 1762 280 1802; x_wconf 89' lang='lat' dir='ltr'>elius</span> <span class='ocrx_word' id='word_1_201' title='bbox 289 1764 379 1814; x_wconf 85' lang='lat' dir='ltr'>Lysippo</span> <span class='ocrx_word' id='word_1_202' title='bbox 388 1766 475 1803; x_wconf 84' lang='lat' dir='ltr'>duceret</span> <span class='ocrx_word' id='word_1_203' title='bbox 482 1775 526 1804; x_wconf 83' lang='lat' dir='ltr'>aera</span> <span class='ocrx_word' id='word_1_204' title='bbox 626 1764 665 1801; x_wconf 79' lang='grc'><strong>220</strong></span> 
     </span>
    </p>

    <p class='ocr_par' dir='ltr' id='par_1_24' title="bbox 66 1813 601 1861">
     <span class='ocr_line' id='line_1_32' title="bbox 66 1813 601 1861; baseline -0.004 -5"><span class='ocrx_word' id='word_1_205' title='bbox 66 1816 133 1856; x_wconf 78' lang='lat' dir='ltr'>Fertis</span> <span class='ocrx_word' id='word_1_206' title='bbox 143 1814 259 1854; x_wconf 76' lang='lat' dir='ltr'>Alexandri</span> <span class='ocrx_word' id='word_1_207' title='bbox 266 1813 349 1853; x_wconf 86' lang='lat' dir='ltr'>vultum</span> <span class='ocrx_word' id='word_1_208' title='bbox 358 1815 486 1854; x_wconf 83' lang='lat' dir='ltr'>simulantia.</span> <span class='ocrx_word' id='word_1_209' title='bbox 512 1815 601 1861; x_wconf 80' lang='lat' dir='ltr'>Quodsi</span> 
     </span>
    </p>

    <p class='ocr_par' dir='ltr' id='par_1_25' title="bbox 66 1864 518 1906">
     <span class='ocr_line' id='line_1_33' title="bbox 66 1864 518 1906; baseline -0.007 0"><span class='ocrx_word' id='word_1_210' title='bbox 66 1865 176 1906; x_wconf 87' lang='lat' dir='ltr'>Judicium</span> <span class='ocrx_word' id='word_1_211' title='bbox 184 1864 263 1904; x_wconf 88' lang='lat' dir='ltr'>subtile</span> <span class='ocrx_word' id='word_1_212' title='bbox 270 1864 367 1903; x_wconf 82' lang='lat' dir='ltr'>videndis</span> <span class='ocrx_word' id='word_1_213' title='bbox 376 1866 456 1905; x_wconf 83' lang='lat' dir='ltr'>artibus</span> <span class='ocrx_word' id='word_1_214' title='bbox 465 1864 518 1904; x_wconf 89' lang='lat' dir='ltr'>illud</span> 
     </span>
    </p>

    <p class='ocr_par' dir='ltr' id='par_1_26' title="bbox 67 1914 577 1962">
     <span class='ocr_line' id='line_1_34' title="bbox 67 1914 577 1962; baseline 0 -7"><span class='ocrx_word' id='word_1_215' title='bbox 67 1918 101 1956; x_wconf 79' lang='lat' dir='ltr'>Ad</span> <span class='ocrx_word' id='word_1_216' title='bbox 108 1916 172 1955; x_wconf 86' lang='lat' dir='ltr'>libros</span> <span class='ocrx_word' id='word_1_217' title='bbox 180 1919 202 1954; x_wconf 87' lang='lat' dir='ltr'>ct</span> <span class='ocrx_word' id='word_1_218' title='bbox 210 1915 238 1953; x_wconf 90' lang='lat' dir='ltr'>ad</span> <span class='ocrx_word' id='word_1_219' title='bbox 246 1914 293 1953; x_wconf 78' lang='lat' dir='ltr'>haeo</span> <span class='ocrx_word' id='word_1_220' title='bbox 298 1914 409 1954; x_wconf 84' lang='lat' dir='ltr'>Musarum</span> <span class='ocrx_word' id='word_1_221' title='bbox 418 1916 474 1953; x_wconf 88' lang='lat' dir='ltr'>dona</span> <span class='ocrx_word' id='word_1_222' title='bbox 483 1925 577 1962; x_wconf 82' lang='lat' dir='ltr'>vocares,</span> 
     </span>
    </p>

    <p class='ocr_par' dir='ltr' id='par_1_27' title="bbox 67 1965 512 2014">
     <span class='ocr_line' id='line_1_35' title="bbox 67 1965 512 2014; baseline -0.009 -7"><span class='ocrx_word' id='word_1_223' title='bbox 67 1965 166 2007; x_wconf 76' lang='lat' dir='ltr'>acetum</span> <span class='ocrx_word' id='word_1_224' title='bbox 175 1967 198 2005; x_wconf 91' lang='lat' dir='ltr'>in</span> <span class='ocrx_word' id='word_1_225' title='bbox 206 1976 276 2004; x_wconf 87' lang='lat' dir='ltr'>crasso</span> <span class='ocrx_word' id='word_1_226' title='bbox 282 1967 364 2014; x_wconf 75' lang='lat' dir='ltr'>jurares</span> <span class='ocrx_word' id='word_1_227' title='bbox 373 1976 421 2004; x_wconf 89' lang='lat' dir='ltr'>aere</span> <span class='ocrx_word' id='word_1_228' title='bbox 430 1971 512 2004; x_wconf 84' lang='lat' dir='ltr'>natum.</span> 
     </span>
    </p>

    <p class='ocr_par' dir='ltr' id='par_1_28' title="bbox 68 2016 589 2067">
     <span class='ocr_line' id='line_1_36' title="bbox 68 2016 589 2067; baseline -0.004 -10"><span class='ocrx_word' id='word_1_229' title='bbox 68 2019 97 2057; x_wconf 83' lang='lat' dir='ltr'>st</span> <span class='ocrx_word' id='word_1_230' title='bbox 104 2028 173 2067; x_wconf 89' lang='lat' dir='ltr'>neque</span> <span class='ocrx_word' id='word_1_231' title='bbox 181 2016 308 2056; x_wconf 84' lang='lat' dir='ltr'>dedecorant</span> <span class='ocrx_word' id='word_1_232' title='bbox 316 2020 353 2055; x_wconf 88' lang='lat' dir='ltr'>tua</span> <span class='ocrx_word' id='word_1_233' title='bbox 361 2017 387 2055; x_wconf 92' lang='lat' dir='ltr'>de</span> <span class='ocrx_word' id='word_1_234' title='bbox 395 2025 418 2053; x_wconf 90' lang='lat' dir='ltr'>se</span> <span class='ocrx_word' id='word_1_235' title='bbox 427 2016 515 2063; x_wconf 86' lang='lat' dir='ltr'>judicia,</span> <span class='ocrx_word' id='word_1_236' title='bbox 525 2020 589 2065; x_wconf 85' lang='lat' dir='ltr'>atque</span> 
     </span>
    </p>

    <p class='ocr_par' dir='ltr' id='par_1_29' title="bbox 67 2065 613 2116">
     <span class='ocr_line' id='line_1_37' title="bbox 67 2065 613 2116; baseline -0.009 -7"><span class='ocrx_word' id='word_1_237' title='bbox 67 2069 162 2114; x_wconf 80' lang='lat' dir='ltr'>Munera,</span> <span class='ocrx_word' id='word_1_238' title='bbox 172 2076 221 2116; x_wconf 78' lang='lat' dir='ltr'>quaa</span> <span class='ocrx_word' id='word_1_239' title='bbox 229 2066 298 2106; x_wconf 88' lang='lat' dir='ltr'>multa</span> <span class='ocrx_word' id='word_1_240' title='bbox 305 2067 375 2106; x_wconf 84' lang='lat' dir='ltr'>dantis</span> <span class='ocrx_word' id='word_1_241' title='bbox 382 2075 432 2104; x_wconf 89' lang='lat' dir='ltr'>cum</span> <span class='ocrx_word' id='word_1_242' title='bbox 440 2065 503 2103; x_wconf 86' lang='lat' dir='ltr'>leude</span> <span class='ocrx_word' id='word_1_243' title='bbox 511 2066 613 2111; x_wconf 86' lang='lat' dir='ltr'>tulerunt,</span> 
     </span>
    </p>

    <p class='ocr_par' dir='ltr' id='par_1_30' title="bbox 28 2117 579 2228">
     <span class='ocr_line' id='line_1_38' title="bbox 28 2117 516 2202; baseline -0.016 -42"><span class='ocrx_word' id='word_1_244' title='bbox 28 2119 32 2128; x_wconf 92' lang='lat'><em>&#39;</em></span> <span class='ocrx_word' id='word_1_245' title='bbox 68 2119 144 2159; x_wconf 87' lang='lat' dir='ltr'>Dlleeti</span> <span class='ocrx_word' id='word_1_246' title='bbox 153 2118 192 2158; x_wconf 88' lang='lat' dir='ltr'>tibi</span> <span class='ocrx_word' id='word_1_247' title='bbox 201 2117 300 2166; x_wconf 72' lang='lat' dir='ltr'>Virgilius</span> <span class='ocrx_word' id='word_1_248' title='bbox 311 2117 429 2164; x_wconf 87' lang='lat' dir='ltr'>Variusque</span> <span class='ocrx_word' id='word_1_249' title='bbox 436 2118 516 2202; x_wconf 56' lang='lat' dir='ltr'>Ecetm</span> 
     </span>
     <span class='ocr_line' id='line_1_39' title="bbox 69 2166 579 2228; baseline -0.012 -17"><span class='ocrx_word' id='word_1_250' title='bbox 69 2169 113 2211; x_wconf 78' lang='lat' dir='ltr'>Nec</span> <span class='ocrx_word' id='word_1_251' title='bbox 120 2171 187 2218; x_wconf 69' lang='lat' dir='ltr'>magis</span> <span class='ocrx_word' id='word_1_252' title='bbox 196 2169 290 2228; x_wconf 83' lang='lat' dir='ltr'>expressi</span> <span class='ocrx_word' id='word_1_253' title='bbox 297 2167 369 2208; x_wconf 80' lang='lat' dir='ltr'>vultus</span> <span class='ocrx_word' id='word_1_254' title='bbox 377 2177 415 2217; x_wconf 90' lang='lat' dir='ltr'>per</span> <span class='ocrx_word' id='word_1_255' title='bbox 423 2176 436 2202; x_wconf 87' lang='lat' dir='ltr'>a</span> <span class='ocrx_word' id='word_1_256' title='bbox 452 2176 505 2203; x_wconf 88' lang='lat' dir='ltr'>enea</span> <span class='ocrx_word' id='word_1_257' title='bbox 513 2166 579 2213; x_wconf 76' lang='lat' dir='ltr'>signe,</span> 
     </span>
    </p>
   </div>
   <div class='ocr_carea' id='block_1_12' title="bbox 67 2216 597 2271">
    <p class='ocr_par' dir='ltr' id='par_1_31' title="bbox 67 2216 597 2271">
     <span class='ocr_line' id='line_1_40' title="bbox 67 2216 597 2271; baseline -0.009 -11"><span class='ocrx_word' id='word_1_258' title='bbox 67 2220 136 2267; x_wconf 73' lang='lat' dir='ltr'>uuam</span> <span class='ocrx_word' id='word_1_259' title='bbox 143 2231 181 2271; x_wconf 82' lang='lat' dir='ltr'>per</span> <span class='ocrx_word' id='word_1_260' title='bbox 188 2223 244 2259; x_wconf 77' lang='lat' dir='ltr'>vatis</span> <span class='ocrx_word' id='word_1_261' title='bbox 251 2231 303 2270; x_wconf 82' lang='lat' dir='ltr'>opru</span> <span class='ocrx_word' id='word_1_262' title='bbox 312 2229 380 2258; x_wconf 84' lang='lat' dir='ltr'>mores</span> <span class='ocrx_word' id='word_1_263' title='bbox 388 2216 497 2265; x_wconf 80' lang='lat' dir='ltr'>animique</span> <span class='ocrx_word' id='word_1_264' title='bbox 505 2216 597 2259; x_wconf 80' lang='lat' dir='ltr'>virorum</span> 
     </span>
    </p>
   </div>
   <div class='ocr_carea' id='block_1_13' title="bbox 0 0 794 2568">
    <p class='ocr_par' dir='ltr' id='par_1_32' title="bbox 0 0 794 2568">
     <span class='ocr_line' id='line_1_41' title="bbox 0 0 794 2568; baseline 0 0"><span class='ocrx_word' id='word_1_265' title='bbox 0 0 794 2568; x_wconf 95' lang='lat' dir='ltr'> </span> 
     </span>
    </p>
   </div>
  </div>
 </body>
</html>
