1520 2572
208 210 369 251 cARsssNUM
382 210 438 250 ΜΒ.
452 210 490 250 lv,
622 218 646 255 83

97 329 129 368 Te
137 329 211 367 decem
221 326 284 373 tauri,
293 326 424 376 totidemque
431 337 507 374 meae,

99 379 136 417 Me
144 382 205 418 tener
212 377 279 417 solvet
286 377 372 423 vitulus,
380 377 454 416 relicta

99 429 175 476 Mane,
185 429 223 478 qui
231 429 294 477 largis
300 429 419 476 Juveneseit
426 428 497 468 herbis

274 479 300 517 In
309 488 357 517 mea
365 482 420 525 vota,

100 530 176 569 Fronte
183 533 280 570 curvatos
287 529 382 568 imitatus
389 529 449 578 ignes

99 581 195 620 Tertium
203 580 260 619 lunae
268 579 379 618 referentis
386 584 462 626 ortum,

99 632 146 678 Qua
154 635 229 671 notam
237 631 305 676 duxit,
313 630 388 669 niveus
395 631 468 679 videri,

274 681 349 720 Cetera
356 680 434 721 fulvus.

288 882 347 921 01)ss
360 882 403 921 111.

233 1009 268 1048 An
283 1009 464 1049 Msssossssss.

99 1084 171 1126 (ἱππ
180 1087 210 1130 tu,
221 1083 362 1134 Melpomene,
372 1085 438 1124 semel

125 1135 253 1173 Nascentem
261 1135 344 1184 placido
353 1136 434 1176 lumine
443 1137 527 1186 videris,

99 1184 165 1224 Illum
173 1196 217 1223 non
224 1184 285 1224 labor
292 1186 394 1226 Isthmius

125 1235 220 1274 ctarabit
226 1236 326 1285 pugilem,
336 1248 379 1276 non
388 1248 455 1287 equus
463 1238 552 1289 impiger

99 1286 167 1325 curru
175 1287 240 1325 ducet
248 1286 341 1326 Achaico

124 1337 242 1380 Victorem
251 1348 321 1386 neque
329 1349 363 1376 res
371 1338 449 1380 bellice
458 1339 525 1380 Deliis

101 1387 205 1426 ornatum
213 1386 270 1426 foliis
279 1389 361 1435 ducem,

125 1438 189 1484 Quod
197 1449 270 1486 regum
277 1439 368 1479 tumidas
376 1441 496 1481 contuderit
503 1442 578 1490 minas,

99 1488 203 1527 Ostendet
211 1488 324 1537 capitolio:

126 1539 168 1578 Sed
176 1549 225 1587 quae
233 1539 299 1577 Tibur
307 1550 369 1588 squae
377 1540 445 1582 fertile
453 1544 573 1593 praefluunt,

103 1589 130 1628 Et
136 1590 212 1638 spissae
221 1600 331 1628 nemorum
339 1602 411 1640 eomae,

126 1640 218 1689 Fingent
226 1639 295 1679 AEolio
303 1643 396 1681 carmine
404 1643 505 1684 nobilem.

101 1689 177 1729 Romae
185 1690 285 1739 principis
293 1692 379 1731 urbium

125 1741 232 1790 Dignatur
239 1741 321 1781 soboles
330 1742 385 1782 inter
393 1743 495 1784 amabiles

20 1810 21 1813 =
100 1791 180 1830 Vatum
187 1802 265 1840 ponere
273 1802 308 1831 me
317 1793 403 1833 choros:

126 1842 205 1890 Etjam
214 1842 277 1881 dente
285 1843 355 1894 minus
365 1845 462 1884 mordeor
469 1844 549 1883 invido.

100 1892 126 1938 0,
136 1892 250 1932 testudinis
259 1904 330 1933 aureae

126 1942 218 1982 Duleem
227 1954 274 1991 quae
283 1945 400 1994 strepitum,
410 1946 472 1993 Pieri,
481 1947 597 1995 temperem

100 1992 125 2039 0,
135 1993 200 2032 mutIs
209 2004 293 2042 quoque
300 1995 393 2044 piscibus

126 2043 236 2083 Donatum
244 2046 311 2093 cycni,
321 2047 338 2084 si
347 2045 419 2093 libeat,
428 2047 517 2086 sonum!

101 2093 180 2132 Totum
188 2096 281 2134 muneris
289 2094 330 2135 hoe
338 2096 369 2134 tui
378 2101 416 2144 est,

124 2145 189 2190 Quod
196 2148 300 2184 monstror
308 2146 374 2194 digito
381 2148 554 2197 praetereuntium

101 2193 207 2235 Romane
215 2196 293 2235 fidicen
301 2195 352 2245 lyrae
361 2208 365 2234 :

126 2245 189 2287 Quod
197 2246 254 2296 spiro
261 2251 284 2286 et
291 2246 371 2296 placeo,
380 2247 409 2292 (si
416 2246 506 2296 placem)
515 2251 576 2289 tuum
584 2253 622 2287 est.
