1562 2568
201 166 373 219 SATIRARUM
386 166 442 205 Llll.
457 166 487 204 11.
609 165 644 205 175

46 281 96 320 ,ism
104 281 200 321 moecbus
210 280 290 326 Romae,
297 282 343 329 jam
350 281 425 320 mallet
433 282 506 321 doctor
515 281 604 319 Atlreuls

47 333 135 377 Vivere,
151 332 278 378 Vertumnis,
288 336 392 380 quotquot
399 339 455 377 sunt,
465 332 620 380 nutusiniquis.

47 384 123 422 Scurra
134 382 264 428 Volanerius,
271 387 383 431 postquam
391 383 424 421 illi
429 384 488 431 justa
495 383 596 432 cheragra

47 434 149 472 Contudit
156 433 262 479 articulos,
272 434 309 482 qui
318 445 385 482 prose
394 433 477 472 tolieret
485 440 549 482 atque

48 485 145 523 Mitteret
152 485 174 522 in
183 483 280 532 'phimum
290 483 350 529 talos,
359 486 456 523 mercede
464 485 541 522 diurna

47 536 181 574 Conductum
189 534 258 583 pavit:
273 539 353 582 quanto
362 536 492 573 constantior
500 535 557 574 idem

48 585 74 623 ln
83 584 147 630 vitiis,
157 590 216 623 tanto
224 584 292 623 levius
298 585 362 623 miser
369 597 394 623 uc
402 586 458 633 prior
465 585 509 631 illo,

46 635 90 681 Qui
96 636 141 683 jum
150 641 255 679 contento,
260 636 305 683 jam
313 634 363 672 laxo
370 635 422 674 fune
431 635 520 674 laborat.
621 636 646 673 20

48 686 98 725 Nou
106 686 164 724 dices
172 685 243 729 hodie,
252 696 353 733 quorsum
361 685 408 724 haec
417 690 460 724 tam
467 687 543 735 putida
550 685 646 730 tendant,

48 736 159 824 11111ώᾶῐέ
183 736 217 774 Ad
231 740 260 781 te,
275 736 370 784 inquam.
396 736 444 781 Quo
459 741 527 784 pacto,
541 738 646 787 pessimel

130 798 145 824 u
160 797 184 824 as

48 837 171 882 Portunum,
180 840 202 874 et
209 845 278 874 mores
286 836 380 883 antiqua
389 834 463 883 plebis,
472 840 494 875 et
501 837 565 884 idem,

48 888 70 926 Si
79 888 127 936 quis
136 888 164 925 ad
171 886 209 925 ills
218 887 275 925 Deus
283 886 354 925 subito
363 890 383 924 te
394 890 449 934 agat,
459 897 527 934 usque
536 898 632 927 recuses:

48 939 92 977 Aut
100 938 152 987 quia
159 949 202 976 non
210 939 282 983 sentis,
292 936 348 985 quod
357 935 443 981 clamas,
453 938 531 975 rectius
539 949 591 982 esse,

48 993 92 1027 Aut
100 989 152 1037 quia
159 999 203 1026 non
211 988 284 1027 firmus
293 992 374 1025 rectum
382 986 486 1031 defendis,
494 992 517 1025 et
524 987 598 1033 haeres,

49 1039 200 1088 Nequidquam
206 1039 362 1087 coenocupiens
371 1037 460 1076 evellere
469 1037 571 1086 plantam.

49 1089 124 1129 Romae
133 1101 169 1128 rus
177 1094 249 1138 optem
263 1091 373 1128 absentem
385 1088 476 1127 rusticus
485 1087 564 1127 Urbem

48 1140 113 1179 Tollis
122 1142 150 1178 ad
159 1144 216 1178 astra
223 1139 283 1178 levis.
310 1139 331 1177 Si
340 1150 446 1187 nusquam
454 1150 477 1177 es
484 1138 539 1177 forte
546 1142 633 1177 vocatus

48 1193 81 1229 sd
88 1202 181 1236 coenam,
190 1191 265 1230 laudus
273 1201 371 1229 securum
377 1189 434 1235 olus;
449 1201 481 1234 ec,
490 1189 549 1228 velut
557 1201 648 1239 usquam

48 1240 138 1282 Vinctus
147 1252 190 1286 eus,
200 1241 229 1279 itu
239 1246 260 1279 te
268 1240 352 1279 felicem
361 1241 419 1286 dicis,
429 1251 537 1289 amesque,
623 1243 645 1278 31

47 1293 110 1338 Quod
118 1302 226 1340 nusquam
233 1292 272 1330 tibi
281 1292 309 1330 sit
316 1293 439 1341 potandum.
462 1291 478 1329 ‘J
480 1291 556 1330 usserit
563 1291 591 1330 ad
599 1302 621 1330 se

47 1342 157 1382 Maecenes
167 1353 237 1380 serum
245 1343 286 1381 sub
293 1341 376 1381 lumina
381 1343 452 1393 prims
460 1344 531 1380 venire

47 1394 173 1433 convivam:
190 1392 278 1431 Nemon'
287 1393 358 1431 oleum
366 1393 407 1432 fert
418 1394 490 1431 ocius?
504 1393 576 1442 ecquis

46 1444 129 1483 Auditi
142 1454 192 1482 cum
202 1454 279 1491 magno
287 1443 379 1483 blateras
386 1443 485 1488 clamore,
494 1443 596 1493 furisque.

47 1494 150 1539 Mulvius,
159 1499 182 1532 et
189 1504 273 1538 scurrae,
283 1494 323 1532 tibi
331 1505 373 1532 non
382 1494 493 1533 referende
501 1495 587 1543 precati,

48 1545 174 1584 Discedunt.
202 1545 293 1589 Etenim,
302 1545 370 1582 fateor
378 1556 419 1590 me,
429 1545 507 1583 dixerit
513 1544 557 1591 ille,

48 1595 102 1641 Duci
111 1599 185 1635 ventre
194 1594 275 1639 levem,
289 1606 365 1633 nasum
373 1596 446 1633 nidore
454 1594 554 1644 supinor:

47 1645 178 1690 Imbecillus,
188 1645 250 1690 iners,
260 1646 278 1682 si
288 1646 340 1693 quid
348 1645 385 1689 vis,
395 1646 456 1689 adde,
465 1644 550 1693 popino.

47 1696 85 1743 Tu,
96 1707 165 1746 quum
174 1696 208 1740 sis,
218 1696 275 1743 quod
283 1707 327 1743 ego,
339 1700 361 1733 et
368 1696 462 1734 fortassis
471 1696 565 1743 nequior,
576 1694 631 1734 ultro

47 1747 166 1792 insectere,
171 1744 231 1783 velut
237 1745 323 1783 meliori
336 1746 448 1793 verbisque
457 1745 538 1783 decoris
621 1746 644 1784 sl

48 1798 154 1837 obvolvas
162 1796 253 1834 vitium?
279 1796 341 1841 Quid,
351 1797 411 1834 sime
422 1795 506 1833 stultior
514 1796 559 1844 ipso

48 1848 175 1898 Quingentis
184 1849 241 1884 emto
249 1846 355 1885 drachmis
364 1846 513 1894 deprenderisl
541 1846 607 1884 Aufer

49 1899 84 1938 lie
91 1899 155 1938 vultu
163 1904 252 1940 terrere,
266 1907 362 1943 manum,
371 1895 546 1944 stomachumque
555 1900 638 1943 teneto;

49 1949 111 1995 Dum,
121 1959 171 1998 quae
180 1947 271 1996 Crispini
279 1948 351 1986 docuit
356 1958 393 1985 -me
402 1947 488 1995 janitor,
498 1947 545 1984 edo.

48 1999 77 2039 Te
85 2000 166 2049 conjux
174 1997 245 2036 aliena
252 1998 320 2047 capit;
334 1997 470 2037 meretricula
479 1997 562 2036 Davum
570 2009 575 2035 z

49 2049 125 2089 Peccat
133 2053 182 2088 uter
189 2047 284 2087 nostrum
292 2059 354 2087 cruce
362 2048 460 2097 dignius?
487 2047 546 2087 Acris
555 2049 592 2087 ubi
601 2061 634 2088 ms

49 2100 131 2140 Natura
139 2100 240 2145 incendit,
250 2101 290 2138 sub
298 2099 355 2138 clara
364 2102 422 2139 nuda
429 2099 517 2137 lucerna

51 2152 198 2200 Quacumque
209 2150 294 2198 excepit
302 2152 405 2199 turgentis
414 2151 502 2188 verbera
508 2151 589 2195 caudae,

49 2201 152 2242 clunibus
161 2205 198 2240 aut
206 2201 293 2250 agitarit
299 2213 378 2251 equum
386 2200 466 2241 lasciva
474 2201 581 2251 rupinum,
624 2203 649 2240 io

538 2267 554 2300 ll
