1562 2568
124 187 163 225 22⁰
288 185 313 227 Q.
327 185 452 225 nonnuli
466 184 564 225 Flacci

126 300 154 339 Et
161 299 212 339 laris
219 304 242 339 et
249 299 316 346 bandi
326 304 438 349 paupertas
445 300 531 349 impulit
540 301 612 340 audax

125 350 154 390 Ut
160 362 233 390 versus
240 351 338 390 facerem.
357 351 404 397 Sed,
414 351 471 399 quod
479 361 522 390 uon
530 351 591 395 desit,
597 350 723 399 habentem,

125 402 179 448 Quae
187 405 287 451 poterunt
293 411 388 449 unquam
395 401 447 439 setis
455 411 571 450 expurgare
579 401 662 448 cicutae,

125 451 154 491 Ni
162 451 238 490 melius
246 451 336 490 dormire
344 456 416 500 putem
425 462 489 499 quam
498 452 588 491 scribere
594 462 667 491 versus
676 453 685 491 t

125 502 213 551 Singula
221 503 247 541 de
254 501 314 540 uobis
324 501 375 539 enni
382 502 506 550 praedentur
512 506 598 541 euntes:

124 552 294 601 Eripuerelocoe,
302 551 412 597 Venerem,
420 553 523 598 convivia,
532 553 618 597 ludum;

124 603 225 642 Tendunt
232 606 357 650 extorquere
365 607 471 651 poemata.
497 603 554 649 Quid
561 602 639 641 faciam
647 603 680 643 vis
688 606 697 643 l

124 652 222 712 Denique
230 663 273 692 nou
281 663 354 692 omues
363 654 438 691 eadem
446 653 550 693 mirantur
558 657 674 703 amantque
682 667 687 693 :

123 703 221 741 Carmine
230 707 253 742 tu
261 703 346 751 gaudes,
355 703 391 742 l1ic
399 703 517 742 delectatur
525 704 602 742 iambis
607 716 613 749 ;

124 752 165 792 Ille
174 753 259 792 Bioneis
267 754 399 793 sennonibus
407 757 430 793 et
436 753 481 793 eale
490 754 555 802 nigro.
695 756 723 795 80

124 804 175 842 u’res
183 803 236 842 mihi
244 805 338 844 convivae
362 815 412 853 rope
420 805 531 843 dissentire
539 804 644 851 videntur,

125 853 237 894 Poscentes
245 855 303 894 vario
311 866 331 894 m
357 859 402 893 tum
411 855 493 894 diversa
501 854 579 903 palato.
777 876 778 881 =

123 904 250 993 Quidseml
264 905 316 955 quid
324 916 366 945 nou
374 906 436 944 demi
456 905 538 944 Reuuis
550 909 580 952 tu,
591 905 648 955 quod
659 906 723 955 lubet

197 964 239 1001 ter;

124 1006 187 1051 Quod
195 1007 256 1054 petis,
265 1006 288 1045 ld
300 1005 486 1045 saneestinvieum
494 1006 622 1054 acidumque
630 1006 722 1047 duobus.
775 1042 778 1051 ⁴

124 1055 204 1095 Praeter
211 1062 287 1104 cetera,
297 1068 331 1096 me
339 1057 440 1095 Romaene
447 1063 546 1106 poemata
552 1067 625 1096 censes

124 1106 219 1146 Scribere
227 1119 294 1157 posae,
302 1109 357 1146 iuter
364 1112 396 1146 tot
403 1118 464 1147 curas
472 1112 545 1156 totque
552 1106 650 1146 laboreel

124 1156 166 1196 liic
174 1169 275 1207 sponsum
286 1163 353 1202 uocat,
362 1158 398 1196 l1ic
406 1159 503 1197 auditum
511 1158 595 1206 scripta,
604 1158 684 1198 relictie

124 1208 228 1247 Omnibus
237 1209 321 1253 offleiis;
335 1209 399 1247 cubat
406 1207 441 1247 bic
449 1208 471 1247 in
480 1207 533 1247 colle
542 1207 634 1254 Quirini,

123 1257 166 1297 liic
174 1263 269 1298 extremo
277 1259 300 1297 ln
309 1259 420 1304 Auentino,
429 1259 528 1298 visendus
540 1262 645 1306 uterque;

124 1308 531 1348 Intervallavideshumenecommode.
558 1307 637 1346 Verum
697 1308 721 1349 70

124 1357 186 1397 Puree
195 1364 246 1398 sunt
250 1360 334 1409 plateae,
345 1359 398 1398 nihil
407 1365 431 1398 ut
438 1358 590 1398 meditantibus
598 1359 675 1399 obstet.

125 1407 219 1447 Festinat
227 1410 308 1449 calidus
316 1409 380 1448 mulis
387 1410 508 1459 gerulisque
515 1412 630 1453 redemturr

124 1458 218 1508 Torquet
229 1471 287 1499 nunc
298 1460 398 1509 lapidem,
413 1472 470 1499 nunc
482 1462 557 1509 ingens
568 1460 671 1501 machine
682 1461 721 1511 tig-

174 1521 237 1554 mimz

124 1556 202 1598 Tristia
208 1561 299 1600 robustis
307 1560 416 1600 luctantur
422 1560 498 1600 itinera
519 1560 614 1606 leustrisr

124 1610 172 1649 liec
179 1611 263 1651 rabiosa
272 1611 326 1660 fugit
333 1612 398 1657 cenis,
407 1612 448 1650 hac
456 1612 489 1651 lut
512 1617 563 1650 enta
570 1612 614 1650 ruit
622 1621 670 1651 sue:

125 1660 136 1699 l
145 1672 208 1707 nunc,
218 1666 240 1701 et
247 1673 320 1701 versus
328 1666 398 1701 tecum
407 1663 509 1701 meditere
517 1672 611 1701 cauoroe

124 1710 252 1760 Scriptorum
259 1712 334 1751 chorus
341 1713 409 1752 omnis
416 1717 474 1751 emat
479 1722 556 1752 nemus
563 1717 584 1751 et
589 1713 646 1761 fugit
651 1714 720 1761 urbes,

125 1761 175 1800 Rite
183 1763 249 1802 cliene
258 1763 343 1809 Bacchi,
352 1774 426 1802 somno
433 1763 545 1812 gaudentis
554 1768 575 1802 et
582 1765 670 1803 umbra:

125 1811 158 1850 Tu
166 1823 201 1851 me
209 1815 264 1852 inter
271 1813 371 1863 strepitus
379 1819 493 1853 nocturnos
501 1819 566 1862 etque
573 1814 661 1854 dirunos

124 1862 163 1901 Vis
171 1873 253 1908 canere.
262 1868 285 1902 et
291 1868 400 1903 contrecta
407 1865 468 1913 sequi
475 1865 563 1912 vestigia
570 1866 658 1905 vetum?
696 1866 722 1906 80

124 1911 244 1961 ingenium,
253 1915 294 1953 sibi
302 1916 359 1963 quod
366 1926 444 1953 vacuas
452 1915 556 1953 desumeit
564 1914 666 1962 Athenas,

124 1963 153 2002 Et
158 1965 234 2004 studiis
242 1975 308 2003 annos
314 1969 396 2014 neptem
403 1965 468 2010 dedit,
477 1965 613 2014 insenuitque

124 2013 193 2053 Libris
201 2018 224 2053 et
231 2015 292 2061 curie,
301 2020 372 2054 statue
379 2016 505 2054 taciturnius
514 2017 559 2054 exit

124 2062 258 2113 Plerumque,
268 2069 290 2104 et
296 2066 341 2104 risu
348 2065 451 2115 populum
460 2066 539 2114 quatitp
548 2065 584 2105 bic
590 2076 708 2114 egererent

125 2112 234 2153 Fluctibus
242 2116 264 2154 in
272 2116 348 2155 mediis
356 2121 377 2155 et
385 2117 546 2166 tempestatibus
554 2116 613 2157 urbis

125 2162 194 2202 Verba
202 2165 253 2213 lyrae
261 2170 345 2205 motura
353 2178 428 2206 sonum
437 2171 561 2206 connectere
569 2168 658 2217 d'merl

125 2212 197 2253 Frater
205 2220 250 2253 erat
260 2215 333 2255 Romae
342 2216 433 2256 consulti
441 2217 518 2263 rhetor,
528 2222 553 2256 ut
560 2217 614 2256 alter
