1520 2572
187 196 358 236 SATIRARUM
372 198 426 238 LIB.
441 199 459 236 1.
586 203 622 240 12⁵

24 313 70 352 tion
78 312 153 351 minus
161 312 246 358 insanit,
255 324 319 361 quem
328 314 363 362 qui
373 314 499 353 moechetur·
524 314 595 354 Athic
604 317 622 354 si

24 365 69 410 Qua
77 375 120 409 res,
130 373 174 411 que
181 363 235 401 ratio
241 364 344 410 suaderet.
354 376 438 414 queque
446 367 541 405 modeste
597 369 622 405 50

25 413 128 453 lluniflco
135 425 182 452 esse
189 413 245 459 lieet,
254 414 318 453 vellet
325 415 393 454 bonus
401 421 465 465 etque
474 417 578 464 benignus

25 466 87 510 lisse;
106 465 169 502 duret
177 469 281 512 qnantum
289 466 340 504 sutis
349 470 410 513 esset,
419 478 459 505 nec
469 467 511 505 sibi
519 468 597 506 demno

24 515 171 563 Dedecorique
179 516 243 558 forem
256 527 329 554 verum
337 516 378 555 boc
386 528 408 555 se
417 517 552 566 amplectitur
560 528 610 563 uno,

24 566 140 611 Hocemet
146 564 277 604 hocleudet:
292 566 620 617 Metronemnullemegotango.

24 617 51 655 Ut
59 617 171 666 quondam
180 616 290 661 Mersaeus,
297 622 378 655 ametor
387 618 477 666 Originis
485 618 528 665 ille,

24 668 64 713 Qui
70 667 166 716 petrium
174 667 246 705 mimae
255 667 321 704 donat
327 667 459 716 fundumque
468 668 583 717 laremque,

24 717 59 756 llil
66 717 134 756 fuerit
141 717 178 763 mi,
188 716 264 764 inquit,
274 728 323 754 cum
329 717 431 756 uxoribus
439 730 534 768 unquam
538 720 621 759 alienis.

24 768 103 807 Verum
112 772 144 806 est
155 779 204 806 cum
212 767 290 811 mimis.
299 771 332 805 est
339 778 388 805 cum
396 769 546 816 meretricibus,
556 772 613 809 unde

24 819 88 857 Peme
104 818 187 856 melum
199 817 290 866 gravius,
308 828 372 865 quem
386 828 419 856 res
435 818 507 858 trahit.
532 822 567 859 An
582 821 622 859 tibi

71 870 160 907 ebunde

24 920 139 959 Personam
147 920 198 958 setis
207 923 245 964 est,
254 929 297 956 non
302 917 364 964 illud,
373 917 477 966 quidquid
485 919 564 968 ubique
597 923 622 959 60

24 971 100 1017 Officii,
110 967 203 1009 evitaret
230 970 311 1007 Bonum
320 969 433 1017 deperdere
442 969 527 1015 fumum,

25 1021 77 1061 Rem
85 1021 154 1070 petris
162 1020 271 1066 oblimare,
280 1019 361 1057 malum
370 1024 402 1058 est
409 1019 546 1068 ubicumque.
566 1020 623 1065 Quid

71 1073 139 1110 inber-

26 1123 66 1169 Eet,
75 1123 100 1161 in
109 1125 213 1166 matrona,
223 1121 302 1160 ancille
308 1131 409 1170 peccesne
418 1121 502 1169 legata?

25 1173 101 1212 Villius
109 1173 132 1212 in
142 1173 221 1210 Fausta
231 1172 296 1211 Sullae
303 1183 374 1220 gener,
383 1171 424 1210 boc
432 1171 496 1210 miser
504 1182 548 1209 uno

25 1224 116 1263 Nomine
124 1224 233 1271 deceptus,
241 1233 316 1271 poenes
325 1222 384 1261 dedit
391 1233 458 1270 usque
467 1232 572 1271 superque

25 1276 93 1320 Quem
101 1274 155 1313 setis
163 1276 201 1318 eet,
212 1273 288 1322 pugnis
296 1284 363 1312 caesue
370 1273 468 1322 ferroque
475 1272 561 1322 petitus,

25 1325 129 1364 Exclusus
136 1324 189 1368 fore,
199 1335 266 1373 quum
274 1324 410 1372 Longarenus
418 1324 474 1362 foret
481 1323 547 1362 intus.

25 1374 79 1415 Huic
88 1376 108 1414 si
116 1374 211 1414 mutonis
219 1374 288 1414 verbis
295 1375 353 1412 mele
360 1378 421 1412 tenta
429 1374 520 1412 videntis

25 1425 111 1465 Diceret
118 1426 167 1464 haec
176 1425 272 1464 enimus:
294 1425 389 1471 Quidvis
398 1425 450 1464 tibi?
467 1424 573 1474 numquid
583 1435 622 1472 ego

71 1489 85 1515 e
94 1481 116 1515 te

25 1527 102 1577 Magno
110 1529 239 1576 prognatum
247 1527 337 1574 deposco
345 1525 431 1564 consule
440 1537 541 1570 cunnum,
598 1524 609 1563 7
611 1526 622 1562 0

25 1577 168 1626 velatumque
177 1575 238 1619 stole,
248 1588 296 1614 mee
304 1588 371 1624 quum
379 1576 499 1615 conferbuit
506 1577 552 1614 irai

25 1629 77 1675 Quid
86 1628 239 1676 responderet?
266 1627 344 1674 Magno
356 1631 415 1674 patre
424 1631 475 1665 nate
482 1627 555 1675 puelle
563 1630 601 1665 eet.

25 1680 50 1718 lt
57 1684 141 1729 quanto
150 1677 239 1716 meliora
246 1681 320 1715 monet
325 1677 485 1726 pugnantiaque
493 1677 539 1715 istis

26 1729 86 1771 Dives
95 1729 143 1779 opis
151 1732 229 1767 nature
237 1738 288 1772 suae,
298 1728 316 1765 si
325 1732 349 1765 tn
357 1727 420 1765 modo
428 1731 484 1765 recte

26 1780 151 1831 Dispensere
159 1778 218 1824 velis,
229 1789 253 1817 ac
261 1788 305 1816 non
317 1776 419 1825 fugienda
426 1776 523 1825 petendis

25 1832 146 1871 immiscere
155 1831 160 1867 i
187 1829 234 1868 Tuo
242 1828 294 1867 vitio
300 1838 399 1865 rerumne
407 1826 497 1871 labores,

25 1881 58 1922 Nil
65 1883 146 1922 referre
152 1881 227 1929 purast
245 1889 317 1926 quere,
328 1889 355 1916 ne
365 1877 468 1926 poeniteet
476 1883 504 1922 te,

25 1933 102 1974 Desine
110 1936 220 1971 matronas
229 1929 333 1973 sectarim,
343 1928 401 1966 unde
409 1927 487 1966 laboris

25 1984 72 2024 Plus
79 1984 168 2023 haurire
176 1980 228 2019 meli
236 1984 274 2024 est,
284 1990 348 2027 quam
354 1990 381 2016 ex
388 1989 410 2016 re
416 1979 527 2026 decerpere
534 1976 622 2015 fruetus.

25 2034 66 2074 Nec
75 2034 146 2082 megis
153 2032 211 2076 huic,
221 2031 293 2069 niveos
301 2030 357 2068 inter
365 2029 484 2077 viridesque
495 2027 579 2076 lapillos
598 2029 623 2066 80

24 2085 52 2124 sit
62 2086 123 2131 licet,
132 2083 180 2129 hoo,
190 2081 297 2127 Cerintho,
306 2086 343 2119 tuo
355 2085 452 2118 tenerum
466 2081 498 2117 est
508 2078 577 2117 femur
585 2083 624 2117 eut

25 2146 122 2231 Recteiae?
129 2187 193 2232 atque
200 2183 265 2222 etiem
273 2182 350 2221 melius
358 2191 451 2230 persaepe
461 2182 537 2228 togeiae
546 2185 584 2219 est.

25 2238 84 2277 Adde
92 2237 142 2282 huc,
153 2235 211 2283 quod
218 2245 309 2274 mercem
318 2234 364 2272 sine
373 2231 427 2271 lucis
436 2235 508 2281 gestet,
519 2236 596 2280 aperte,

740 2292 751 2312 j
