<?xml version="1.0" encoding="UTF-8"?>
<!DOCTYPE html PUBLIC "-//W3C//DTD XHTML 1.0 Transitional//EN"
    "http://www.w3.org/TR/xhtml1/DTD/xhtml1-transitional.dtd">
<html xmlns="http://www.w3.org/1999/xhtml" xml:lang="en" lang="en">
 <head>
  <title>
</title>
<meta http-equiv="Content-Type" content="text/html;charset=utf-8" />
  <meta name='ocr-system' content='tesseract 3.04.00' />
  <meta name='ocr-capabilities' content='ocr_page ocr_carea ocr_par ocr_line ocrx_word'/>
</head>
<body>
  <div class='ocr_page' id='page_1' title='image "./opera04horagoog_0260.png"; bbox 0 0 1562 2568; ppageno 0'>
   <div class='ocr_carea' id='block_1_1' title="bbox 138 30 467 85">
    <p class='ocr_par' dir='ltr' id='par_1_1' title="bbox 138 30 467 85">
     <span class='ocr_line' id='line_1_1' title="bbox 138 30 467 85; baseline 0.015 -13"><span class='ocrx_word' id='word_1_1' title='bbox 138 36 145 57; x_wconf 28' lang='grc' dir='ltr'>’γ</span> <span class='ocrx_word' id='word_1_2' title='bbox 194 30 323 85; x_wconf 48' lang='lat' dir='ltr'>12⁴9ng</span> <span class='ocrx_word' id='word_1_3' title='bbox 363 44 370 51; x_wconf 59' lang='grc'><em>“</em></span> <span class='ocrx_word' id='word_1_4' title='bbox 425 48 467 79; x_wconf 49' lang='grc' dir='ltr'>Ἰ,)</span> 
     </span>
    </p>
   </div>
   <div class='ocr_carea' id='block_1_2' title="bbox 204 180 667 233">
    <p class='ocr_par' dir='ltr' id='par_1_2' title="bbox 204 180 667 233">
     <span class='ocr_line' id='line_1_2' title="bbox 204 180 667 233; baseline 0.004 -3"><span class='ocrx_word' id='word_1_5' title='bbox 204 188 342 230; x_wconf 76' lang='lat' dir='ltr'>scrsronl</span> <span class='ocrx_word' id='word_1_6' title='bbox 355 191 395 231; x_wconf 75' lang='lat' dir='ltr'>nu</span> <span class='ocrx_word' id='word_1_7' title='bbox 408 180 534 232; x_wconf 74' lang='lat' dir='ltr'>sinouse.</span> <span class='ocrx_word' id='word_1_8' title='bbox 629 196 667 233; x_wconf 79' lang='lat'>2³3</span> 
     </span>
    </p>
   </div>
   <div class='ocr_carea' id='block_1_3' title="bbox 3 307 774 2281">
    <p class='ocr_par' dir='ltr' id='par_1_3' title="bbox 3 307 774 2281">
     <span class='ocr_line' id='line_1_3' title="bbox 63 307 667 358; baseline -0.002 -9"><span class='ocrx_word' id='word_1_9' title='bbox 63 308 185 358; x_wconf 71' lang='lat' dir='ltr'><strong>Pompilius</strong></span> <span class='ocrx_word' id='word_1_10' title='bbox 193 308 285 357; x_wconf 70' lang='lat' dir='ltr'>ssngssis,</span> <span class='ocrx_word' id='word_1_11' title='bbox 295 318 381 347; x_wconf 75' lang='lat' dir='ltr'>carmen</span> <span class='ocrx_word' id='word_1_12' title='bbox 393 307 547 356; x_wconf 73' lang='lat' dir='ltr'>reprehendite,</span> <span class='ocrx_word' id='word_1_13' title='bbox 558 309 616 357; x_wconf 86' lang='lat' dir='ltr'>quod</span> <span class='ocrx_word' id='word_1_14' title='bbox 624 320 667 348; x_wconf 92' lang='lat' dir='ltr'>non</span> 
     </span>
     <span class='ocr_line' id='line_1_4' title="bbox 64 358 738 406; baseline -0.006 -7"><span class='ocrx_word' id='word_1_15' title='bbox 64 359 138 399; x_wconf 82' lang='lat' dir='ltr'>Mults</span> <span class='ocrx_word' id='word_1_16' title='bbox 146 359 192 397; x_wconf 91' lang='lat' dir='ltr'>dies</span> <span class='ocrx_word' id='word_1_17' title='bbox 200 363 222 397; x_wconf 90' lang='lat' dir='ltr'>et</span> <span class='ocrx_word' id='word_1_18' title='bbox 230 359 298 398; x_wconf 80' lang='lat' dir='ltr'>mults</span> <span class='ocrx_word' id='word_1_19' title='bbox 306 359 371 398; x_wconf 78' lang='lat' dir='ltr'>litura</span> <span class='ocrx_word' id='word_1_20' title='bbox 378 358 477 403; x_wconf 85' lang='lat' dir='ltr'>coercuit,</span> <span class='ocrx_word' id='word_1_21' title='bbox 487 362 551 406; x_wconf 78' lang='lat' dir='ltr'>etque</span> <span class='ocrx_word' id='word_1_22' title='bbox 736 386 738 389; x_wconf 90' lang='lat'>.</span> 
     </span>
     <span class='ocr_line' id='line_1_5' title="bbox 64 368 738 467; baseline -0.006 -17"><span class='ocrx_word' id='word_1_23' title='bbox 64 411 196 450; x_wconf 81' lang='lat' dir='ltr'>Praesectum</span> <span class='ocrx_word' id='word_1_24' title='bbox 204 410 274 449; x_wconf 88' lang='lat' dir='ltr'>decies</span> <span class='ocrx_word' id='word_1_25' title='bbox 280 421 324 449; x_wconf 91' lang='lat' dir='ltr'>non</span> <span class='ocrx_word' id='word_1_26' title='bbox 332 409 478 458; x_wconf 74' lang='lat' dir='ltr'>castigavitsd</span> <span class='ocrx_word' id='word_1_27' title='bbox 489 419 590 457; x_wconf 72' lang='lat' dir='ltr'>unguem.</span> <span class='ocrx_word' id='word_1_28' title='bbox 692 368 738 467; x_wconf 42' lang='lat' dir='ltr'>{l</span> 
     </span>
     <span class='ocr_line' id='line_1_6' title="bbox 90 460 540 511; baseline -0.002 -12"><span class='ocrx_word' id='word_1_29' title='bbox 90 461 206 509; x_wconf 78' lang='lat' dir='ltr'>Ingenium</span> <span class='ocrx_word' id='word_1_30' title='bbox 213 460 291 499; x_wconf 83' lang='lat' dir='ltr'>misere</span> <span class='ocrx_word' id='word_1_31' title='bbox 298 462 349 511; x_wconf 84' lang='lat' dir='ltr'>quis</span> <span class='ocrx_word' id='word_1_32' title='bbox 357 460 486 499; x_wconf 78' lang='lat' dir='ltr'>fortunatius</span> <span class='ocrx_word' id='word_1_33' title='bbox 495 464 540 498; x_wconf 79' lang='lat' dir='ltr'>arte</span> 
     </span>
     <span class='ocr_line' id='line_1_7' title="bbox 64 510 544 560; baseline -0.004 -10"><span class='ocrx_word' id='word_1_34' title='bbox 64 512 144 555; x_wconf 85' lang='lat' dir='ltr'>Credit,</span> <span class='ocrx_word' id='word_1_35' title='bbox 153 515 175 549; x_wconf 86' lang='lat' dir='ltr'>et</span> <span class='ocrx_word' id='word_1_36' title='bbox 183 510 279 549; x_wconf 79' lang='lat' dir='ltr'>excludit</span> <span class='ocrx_word' id='word_1_37' title='bbox 287 521 350 550; x_wconf 79' lang='lat' dir='ltr'>senos</span> <span class='ocrx_word' id='word_1_38' title='bbox 359 511 463 550; x_wconf 84' lang='lat' dir='ltr'>Helicone</span> <span class='ocrx_word' id='word_1_39' title='bbox 471 515 544 560; x_wconf 84' lang='lat' dir='ltr'>poetas</span> 
     </span>
     <span class='ocr_line' id='line_1_8' title="bbox 6 561 631 611; baseline 0 -11"><span class='ocrx_word' id='word_1_40' title='bbox 6 570 8 593; x_wconf 66' lang='lat' dir='ltr'>t</span> <span class='ocrx_word' id='word_1_41' title='bbox 64 561 207 605; x_wconf 87' lang='lat' dir='ltr'>Democritus,</span> <span class='ocrx_word' id='word_1_42' title='bbox 217 562 273 599; x_wconf 83' lang='lat' dir='ltr'>bons</span> <span class='ocrx_word' id='word_1_43' title='bbox 281 573 330 611; x_wconf 81' lang='lat' dir='ltr'>pars</span> <span class='ocrx_word' id='word_1_44' title='bbox 339 573 382 601; x_wconf 92' lang='lat' dir='ltr'>non</span> <span class='ocrx_word' id='word_1_45' title='bbox 391 573 471 610; x_wconf 76' lang='lat' dir='ltr'>ungues</span> <span class='ocrx_word' id='word_1_46' title='bbox 505 572 555 600; x_wconf 85' lang='lat' dir='ltr'>nere</span> <span class='ocrx_word' id='word_1_47' title='bbox 564 567 631 606; x_wconf 83' lang='lat' dir='ltr'>curet,</span> 
     </span>
     <span class='ocr_line' id='line_1_9' title="bbox 64 612 598 661; baseline -0.002 -10"><span class='ocrx_word' id='word_1_48' title='bbox 64 613 115 651; x_wconf 85' lang='lat' dir='ltr'>Non</span> <span class='ocrx_word' id='word_1_49' title='bbox 123 613 225 657; x_wconf 69' lang='lat' dir='ltr'>barbam</span> <span class='ocrx_word' id='word_1_50' title='bbox 240 617 321 651; x_wconf 78' lang='lat' dir='ltr'>secrete</span> <span class='ocrx_word' id='word_1_51' title='bbox 328 613 382 661; x_wconf 82' lang='lat' dir='ltr'>petit</span> <span class='ocrx_word' id='word_1_52' title='bbox 390 612 444 657; x_wconf 80' lang='lat' dir='ltr'>locu,</span> <span class='ocrx_word' id='word_1_53' title='bbox 454 614 468 651; x_wconf 91' lang='lat' dir='ltr'>b</span> <span class='ocrx_word' id='word_1_54' title='bbox 490 624 531 651; x_wconf 82' lang='lat' dir='ltr'>nea</span> <span class='ocrx_word' id='word_1_55' title='bbox 539 612 598 651; x_wconf 79' lang='lat' dir='ltr'>vitet.</span> 
     </span>
     <span class='ocr_line' id='line_1_10' title="bbox 64 663 587 713; baseline 0.002 -12"><span class='ocrx_word' id='word_1_56' title='bbox 64 663 206 702; x_wconf 80' lang='lat' dir='ltr'>Nenciscetur</span> <span class='ocrx_word' id='word_1_57' title='bbox 213 663 271 701; x_wconf 87' lang='lat' dir='ltr'>enim</span> <span class='ocrx_word' id='word_1_58' title='bbox 279 663 371 712; x_wconf 87' lang='lat' dir='ltr'>pretium</span> <span class='ocrx_word' id='word_1_59' title='bbox 378 674 499 713; x_wconf 83' lang='lat' dir='ltr'>nomenque</span> <span class='ocrx_word' id='word_1_60' title='bbox 512 669 587 712; x_wconf 65' lang='lat' dir='ltr'>poeto,</span> 
     </span>
     <span class='ocr_line' id='line_1_11' title="bbox 63 713 663 763; baseline 0.002 -11"><span class='ocrx_word' id='word_1_61' title='bbox 63 713 86 752; x_wconf 81' lang='lat' dir='ltr'>si</span> <span class='ocrx_word' id='word_1_62' title='bbox 94 713 164 752; x_wconf 87' lang='lat' dir='ltr'>tribus</span> <span class='ocrx_word' id='word_1_63' title='bbox 173 713 279 761; x_wconf 79' lang='lat' dir='ltr'>Anticyris</span> <span class='ocrx_word' id='word_1_64' title='bbox 287 716 352 762; x_wconf 83' lang='lat' dir='ltr'>ceput</span> <span class='ocrx_word' id='word_1_65' title='bbox 359 713 478 752; x_wconf 72' lang='lat' dir='ltr'>insanabile</span> <span class='ocrx_word' id='word_1_66' title='bbox 487 725 597 763; x_wconf 75' lang='lat' dir='ltr'>nunquam</span> <span class='ocrx_word' id='word_1_67' title='bbox 627 715 663 753; x_wconf 80' lang='grc'>300</span> 
     </span>
     <span class='ocr_line' id='line_1_12' title="bbox 63 764 553 811; baseline 0.002 -9"><span class='ocrx_word' id='word_1_68' title='bbox 63 764 154 802; x_wconf 86' lang='lat' dir='ltr'>Tonsori</span> <span class='ocrx_word' id='word_1_69' title='bbox 162 764 236 802; x_wconf 83' lang='lat' dir='ltr'>Licino</span> <span class='ocrx_word' id='word_1_70' title='bbox 244 764 380 802; x_wconf 86' lang='lat' dir='ltr'>commiserit.</span> <span class='ocrx_word' id='word_1_71' title='bbox 407 764 425 801; x_wconf 94' lang='grc'><strong>0</strong></span> <span class='ocrx_word' id='word_1_72' title='bbox 433 775 471 811; x_wconf 77' lang='lat' dir='ltr'>ego</span> <span class='ocrx_word' id='word_1_73' title='bbox 479 764 553 809; x_wconf 78' lang='lat' dir='ltr'>laevus,</span> 
     </span>
     <span class='ocr_line' id='line_1_13' title="bbox 63 813 582 863; baseline 0.002 -11"><span class='ocrx_word' id='word_1_74' title='bbox 63 815 107 860; x_wconf 82' lang='lat' dir='ltr'>Qui</span> <span class='ocrx_word' id='word_1_75' title='bbox 115 824 194 863; x_wconf 75' lang='lat' dir='ltr'>purgor</span> <span class='ocrx_word' id='word_1_76' title='bbox 202 813 267 852; x_wconf 89' lang='lat' dir='ltr'>bilem</span> <span class='ocrx_word' id='word_1_77' title='bbox 273 815 313 853; x_wconf 91' lang='lat' dir='ltr'>sub</span> <span class='ocrx_word' id='word_1_78' title='bbox 320 814 380 852; x_wconf 82' lang='lat' dir='ltr'>verni</span> <span class='ocrx_word' id='word_1_79' title='bbox 387 814 487 862; x_wconf 88' lang='lat' dir='ltr'>temporis</span> <span class='ocrx_word' id='word_1_80' title='bbox 495 814 570 853; x_wconf 82' lang='lat' dir='ltr'>horem</span> <span class='ocrx_word' id='word_1_81' title='bbox 578 816 582 852; x_wconf 95' lang='lat'><strong>!</strong></span> 
     </span>
     <span class='ocr_line' id='line_1_14' title="bbox 64 864 564 912; baseline 0.002 -10"><span class='ocrx_word' id='word_1_82' title='bbox 64 865 114 903; x_wconf 88' lang='lat' dir='ltr'>Non</span> <span class='ocrx_word' id='word_1_83' title='bbox 122 865 178 903; x_wconf 83' lang='lat' dir='ltr'>nlius</span> <span class='ocrx_word' id='word_1_84' title='bbox 186 864 265 903; x_wconf 78' lang='lat' dir='ltr'>feceret</span> <span class='ocrx_word' id='word_1_85' title='bbox 272 864 360 903; x_wconf 84' lang='lat' dir='ltr'>meliors</span> <span class='ocrx_word' id='word_1_86' title='bbox 367 868 476 912; x_wconf 82' lang='lat' dir='ltr'>poemate:</span> <span class='ocrx_word' id='word_1_87' title='bbox 490 876 564 903; x_wconf 86' lang='lat' dir='ltr'>verum</span> 
     </span>
     <span class='ocr_line' id='line_1_15' title="bbox 64 914 581 963; baseline 0.002 -10"><span class='ocrx_word' id='word_1_88' title='bbox 64 915 102 953; x_wconf 89' lang='lat' dir='ltr'>Nil</span> <span class='ocrx_word' id='word_1_89' title='bbox 110 915 166 954; x_wconf 80' lang='lat' dir='ltr'>tenti</span> <span class='ocrx_word' id='word_1_90' title='bbox 173 920 216 957; x_wconf 70' lang='lat' dir='ltr'>ests</span> <span class='ocrx_word' id='word_1_91' title='bbox 230 926 279 963; x_wconf 81' lang='lat' dir='ltr'>ergo</span> <span class='ocrx_word' id='word_1_92' title='bbox 287 915 365 963; x_wconf 78' lang='lat' dir='ltr'>fungar</span> <span class='ocrx_word' id='word_1_93' title='bbox 372 914 417 952; x_wconf 87' lang='lat' dir='ltr'>vice</span> <span class='ocrx_word' id='word_1_94' title='bbox 426 915 486 957; x_wconf 88' lang='lat' dir='ltr'>cotis,</span> <span class='ocrx_word' id='word_1_95' title='bbox 494 919 581 954; x_wconf 80' lang='lat' dir='ltr'>scutum</span> 
     </span>
     <span class='ocr_line' id='line_1_16' title="bbox 64 965 621 1014; baseline 0.004 -11"><span class='ocrx_word' id='word_1_96' title='bbox 64 965 163 1004; x_wconf 86' lang='lat' dir='ltr'>Reddere</span> <span class='ocrx_word' id='word_1_97' title='bbox 172 976 220 1014; x_wconf 81' lang='lat' dir='ltr'>quae</span> <span class='ocrx_word' id='word_1_98' title='bbox 228 965 308 1004; x_wconf 85' lang='lat' dir='ltr'>ferrum</span> <span class='ocrx_word' id='word_1_99' title='bbox 316 965 379 1009; x_wconf 81' lang='lat' dir='ltr'>velet,</span> <span class='ocrx_word' id='word_1_100' title='bbox 389 976 461 1004; x_wconf 87' lang='lat' dir='ltr'>exsors</span> <span class='ocrx_word' id='word_1_101' title='bbox 470 966 516 1014; x_wconf 84' lang='lat' dir='ltr'>ipss</span> <span class='ocrx_word' id='word_1_102' title='bbox 524 967 621 1005; x_wconf 81' lang='lat' dir='ltr'>secandi:</span> 
     </span>
     <span class='ocr_line' id='line_1_17' title="bbox 4 1015 586 1064; baseline 0.003 -11"><span class='ocrx_word' id='word_1_103' title='bbox 4 1044 6 1053; x_wconf 75' lang='grc'>,</span> <span class='ocrx_word' id='word_1_104' title='bbox 64 1016 145 1055; x_wconf 85' lang='lat' dir='ltr'>Munus</span> <span class='ocrx_word' id='word_1_105' title='bbox 153 1020 175 1054; x_wconf 88' lang='lat' dir='ltr'>et</span> <span class='ocrx_word' id='word_1_106' title='bbox 183 1015 281 1061; x_wconf 84' lang='lat' dir='ltr'>officium,</span> <span class='ocrx_word' id='word_1_107' title='bbox 291 1015 323 1054; x_wconf 91' lang='lat' dir='ltr'>nil</span> <span class='ocrx_word' id='word_1_108' title='bbox 330 1016 423 1054; x_wconf 86' lang='lat' dir='ltr'>scribens</span> <span class='ocrx_word' id='word_1_109' title='bbox 433 1016 484 1064; x_wconf 83' lang='lat' dir='ltr'>ipse,</span> <span class='ocrx_word' id='word_1_110' title='bbox 494 1017 586 1061; x_wconf 85' lang='lat' dir='ltr'>docebo;</span> 
     </span>
     <span class='ocr_line' id='line_1_18' title="bbox 4 1065 652 1117; baseline 0.003 -13"><span class='ocrx_word' id='word_1_111' title='bbox 4 1068 5 1071; x_wconf 77' lang='grc'>’</span> <span class='ocrx_word' id='word_1_112' title='bbox 63 1065 126 1105; x_wconf 89' lang='lat' dir='ltr'>Unde</span> <span class='ocrx_word' id='word_1_113' title='bbox 134 1071 235 1115; x_wconf 79' lang='lat' dir='ltr'>petentur</span> <span class='ocrx_word' id='word_1_114' title='bbox 243 1077 304 1115; x_wconf 76' lang='lat' dir='ltr'>opes;</span> <span class='ocrx_word' id='word_1_115' title='bbox 318 1066 370 1115; x_wconf 87' lang='lat' dir='ltr'>quid</span> <span class='ocrx_word' id='word_1_116' title='bbox 379 1065 424 1103; x_wconf 76' lang='lat' dir='ltr'>alst</span> <span class='ocrx_word' id='word_1_117' title='bbox 430 1066 547 1115; x_wconf 86' lang='lat' dir='ltr'>formetque</span> <span class='ocrx_word' id='word_1_118' title='bbox 555 1072 652 1117; x_wconf 65' lang='lat' dir='ltr'>poetenn</span> 
     </span>
     <span class='ocr_line' id='line_1_19' title="bbox 62 1117 653 1165; baseline 0.002 -11"><span class='ocrx_word' id='word_1_119' title='bbox 62 1117 120 1163; x_wconf 80' lang='lat' dir='ltr'>Quid</span> <span class='ocrx_word' id='word_1_120' title='bbox 128 1119 210 1162; x_wconf 79' lang='lat' dir='ltr'>decent,</span> <span class='ocrx_word' id='word_1_121' title='bbox 219 1118 272 1165; x_wconf 89' lang='lat' dir='ltr'>quid</span> <span class='ocrx_word' id='word_1_122' title='bbox 280 1128 331 1159; x_wconf 72' lang='lat' dir='ltr'>non:</span> <span class='ocrx_word' id='word_1_123' title='bbox 347 1127 389 1165; x_wconf 90' lang='lat' dir='ltr'>quo</span> <span class='ocrx_word' id='word_1_124' title='bbox 395 1117 468 1160; x_wconf 86' lang='lat' dir='ltr'>virtus.</span> <span class='ocrx_word' id='word_1_125' title='bbox 478 1128 520 1165; x_wconf 91' lang='lat' dir='ltr'>quo</span> <span class='ocrx_word' id='word_1_126' title='bbox 528 1117 583 1155; x_wconf 80' lang='lat' dir='ltr'>ieret</span> <span class='ocrx_word' id='word_1_127' title='bbox 590 1129 653 1157; x_wconf 85' lang='lat' dir='ltr'>error.</span> 
     </span>
     <span class='ocr_line' id='line_1_20' title="bbox 88 1167 647 1216; baseline 0.002 -10"><span class='ocrx_word' id='word_1_128' title='bbox 88 1167 198 1207; x_wconf 75' lang='lat' dir='ltr'>Scribendi</span> <span class='ocrx_word' id='word_1_129' title='bbox 206 1173 262 1206; x_wconf 85' lang='lat' dir='ltr'>recte</span> <span class='ocrx_word' id='word_1_130' title='bbox 271 1178 344 1216; x_wconf 83' lang='lat' dir='ltr'>sapere</span> <span class='ocrx_word' id='word_1_131' title='bbox 352 1171 414 1206; x_wconf 86' lang='lat' dir='ltr'>estet</span> <span class='ocrx_word' id='word_1_132' title='bbox 422 1167 550 1216; x_wconf 85' lang='lat' dir='ltr'>principium</span> <span class='ocrx_word' id='word_1_133' title='bbox 558 1172 580 1207; x_wconf 88' lang='lat' dir='ltr'>et</span> <span class='ocrx_word' id='word_1_134' title='bbox 587 1168 634 1207; x_wconf 84' lang='lat' dir='ltr'>fons</span> <span class='ocrx_word' id='word_1_135' title='bbox 642 1181 647 1206; x_wconf 78' lang='grc' dir='ltr'><strong><em>ε</em></strong></span> 
     </span>
     <span class='ocr_line' id='line_1_21' title="bbox 63 1217 661 1267; baseline 0.003 -12"><span class='ocrx_word' id='word_1_136' title='bbox 63 1217 119 1256; x_wconf 80' lang='lat' dir='ltr'>Rem</span> <span class='ocrx_word' id='word_1_137' title='bbox 127 1218 167 1256; x_wconf 91' lang='lat' dir='ltr'>tibi</span> <span class='ocrx_word' id='word_1_138' title='bbox 176 1218 286 1257; x_wconf 75' lang='lat' dir='ltr'>Socraticae</span> <span class='ocrx_word' id='word_1_139' title='bbox 296 1222 394 1267; x_wconf 89' lang='lat' dir='ltr'>poterunt</span> <span class='ocrx_word' id='word_1_140' title='bbox 400 1218 509 1256; x_wconf 86' lang='lat' dir='ltr'>ostendere</span> <span class='ocrx_word' id='word_1_141' title='bbox 517 1218 608 1263; x_wconf 75' lang='lat' dir='ltr'>churtae3</span> <span class='ocrx_word' id='word_1_142' title='bbox 624 1221 661 1257; x_wconf 83' lang='lat'>310</span> 
     </span>
     <span class='ocr_line' id='line_1_22' title="bbox 62 1269 597 1318; baseline 0.002 -12"><span class='ocrx_word' id='word_1_143' title='bbox 62 1269 175 1317; x_wconf 74' lang='lat' dir='ltr'>Verbaque</span> <span class='ocrx_word' id='word_1_144' title='bbox 183 1270 289 1318; x_wconf 81' lang='lat' dir='ltr'>provisam</span> <span class='ocrx_word' id='word_1_145' title='bbox 297 1280 341 1308; x_wconf 87' lang='lat' dir='ltr'>rem</span> <span class='ocrx_word' id='word_1_146' title='bbox 350 1280 392 1307; x_wconf 91' lang='lat' dir='ltr'>non</span> <span class='ocrx_word' id='word_1_147' title='bbox 401 1270 467 1307; x_wconf 84' lang='lat' dir='ltr'>invita</span> <span class='ocrx_word' id='word_1_148' title='bbox 475 1274 597 1318; x_wconf 87' lang='lat' dir='ltr'>sequentur.</span> 
     </span>
     <span class='ocr_line' id='line_1_23' title="bbox 62 1319 595 1369; baseline 0.002 -12"><span class='ocrx_word' id='word_1_149' title='bbox 62 1320 104 1364; x_wconf 87' lang='lat' dir='ltr'>Qui</span> <span class='ocrx_word' id='word_1_150' title='bbox 113 1319 187 1357; x_wconf 80' lang='lat' dir='ltr'>didicit</span> <span class='ocrx_word' id='word_1_151' title='bbox 195 1320 270 1368; x_wconf 80' lang='lat' dir='ltr'>pstriae</span> <span class='ocrx_word' id='word_1_152' title='bbox 279 1321 331 1368; x_wconf 89' lang='lat' dir='ltr'>quid</span> <span class='ocrx_word' id='word_1_153' title='bbox 339 1320 416 1358; x_wconf 78' lang='lat' dir='ltr'>debent</span> <span class='ocrx_word' id='word_1_154' title='bbox 425 1320 506 1369; x_wconf 86' lang='lat' dir='ltr'>etquid</span> <span class='ocrx_word' id='word_1_155' title='bbox 515 1320 595 1365; x_wconf 83' lang='lat' dir='ltr'>amicis,</span> 
     </span>
     <span class='ocr_line' id='line_1_24' title="bbox 62 1370 658 1419; baseline 0.003 -12"><span class='ocrx_word' id='word_1_156' title='bbox 62 1370 109 1415; x_wconf 79' lang='lat' dir='ltr'>Quo</span> <span class='ocrx_word' id='word_1_157' title='bbox 117 1371 145 1408; x_wconf 89' lang='lat' dir='ltr'>sit</span> <span class='ocrx_word' id='word_1_158' title='bbox 153 1381 224 1409; x_wconf 81' lang='lat' dir='ltr'>umore</span> <span class='ocrx_word' id='word_1_159' title='bbox 231 1381 363 1419; x_wconf 75' lang='lat' dir='ltr'>parensque</span> <span class='ocrx_word' id='word_1_160' title='bbox 369 1370 543 1409; x_wconf 80' lang='lat' dir='ltr'>irateramendus</span> <span class='ocrx_word' id='word_1_161' title='bbox 550 1376 571 1409; x_wconf 89' lang='lat' dir='ltr'>et</span> <span class='ocrx_word' id='word_1_162' title='bbox 576 1371 658 1419; x_wconf 82' lang='lat' dir='ltr'>hospes,</span> 
     </span>
     <span class='ocr_line' id='line_1_25' title="bbox 3 1421 602 1471; baseline 0.005 -14"><span class='ocrx_word' id='word_1_163' title='bbox 3 1452 4 1463; x_wconf 65' lang='grc'>,</span> <span class='ocrx_word' id='word_1_164' title='bbox 61 1421 123 1465; x_wconf 77' lang='lat' dir='ltr'>Quod</span> <span class='ocrx_word' id='word_1_165' title='bbox 131 1421 159 1458; x_wconf 90' lang='lat' dir='ltr'>sit</span> <span class='ocrx_word' id='word_1_166' title='bbox 167 1422 285 1469; x_wconf 88' lang='lat' dir='ltr'>conscripti,</span> <span class='ocrx_word' id='word_1_167' title='bbox 295 1423 352 1469; x_wconf 93' lang='lat' dir='ltr'>quod</span> <span class='ocrx_word' id='word_1_168' title='bbox 357 1422 435 1470; x_wconf 80' lang='lat' dir='ltr'>judicis</span> <span class='ocrx_word' id='word_1_169' title='bbox 444 1421 544 1466; x_wconf 83' lang='lat' dir='ltr'>officium.</span> <span class='ocrx_word' id='word_1_170' title='bbox 553 1432 602 1471; x_wconf 77' lang='lat' dir='ltr'>quse</span> 
     </span>
     <span class='ocr_line' id='line_1_26' title="bbox 62 1470 547 1520; baseline 0.004 -12"><span class='ocrx_word' id='word_1_171' title='bbox 62 1470 134 1509; x_wconf 74' lang='lat' dir='ltr'>Partes</span> <span class='ocrx_word' id='word_1_172' title='bbox 142 1472 165 1508; x_wconf 90' lang='lat' dir='ltr'>in</span> <span class='ocrx_word' id='word_1_173' title='bbox 174 1471 254 1510; x_wconf 87' lang='lat' dir='ltr'>bellurn</span> <span class='ocrx_word' id='word_1_174' title='bbox 262 1472 321 1511; x_wconf 89' lang='lat' dir='ltr'>missi</span> <span class='ocrx_word' id='word_1_175' title='bbox 330 1473 397 1516; x_wconf 90' lang='lat' dir='ltr'>ducis,</span> <span class='ocrx_word' id='word_1_176' title='bbox 407 1472 444 1511; x_wconf 90' lang='lat' dir='ltr'>ille</span> <span class='ocrx_word' id='word_1_177' title='bbox 452 1472 547 1520; x_wconf 80' lang='lat' dir='ltr'>proiecto</span> 
     </span>
     <span class='ocr_line' id='line_1_27' title="bbox 62 1521 557 1571; baseline 0.004 -12"><span class='ocrx_word' id='word_1_178' title='bbox 62 1521 159 1560; x_wconf 86' lang='lat' dir='ltr'>Reddere</span> <span class='ocrx_word' id='word_1_179' title='bbox 167 1532 262 1570; x_wconf 80' lang='lat' dir='ltr'>personae</span> <span class='ocrx_word' id='word_1_180' title='bbox 270 1523 311 1561; x_wconf 90' lang='lat' dir='ltr'>scit</span> <span class='ocrx_word' id='word_1_181' title='bbox 318 1523 466 1561; x_wconf 82' lang='lat' dir='ltr'>convenientis</span> <span class='ocrx_word' id='word_1_182' title='bbox 474 1524 557 1571; x_wconf 71' lang='lat' dir='ltr'>cuique,</span> 
     </span>
     <span class='ocr_line' id='line_1_28' title="bbox 62 1571 567 1621; baseline 0.004 -12"><span class='ocrx_word' id='word_1_183' title='bbox 62 1571 175 1621; x_wconf 79' lang='lat' dir='ltr'>Respicere</span> <span class='ocrx_word' id='word_1_184' title='bbox 183 1571 292 1620; x_wconf 79' lang='lat' dir='ltr'>exemplar</span> <span class='ocrx_word' id='word_1_185' title='bbox 299 1573 348 1611; x_wconf 79' lang='lat' dir='ltr'>ritae</span> <span class='ocrx_word' id='word_1_186' title='bbox 356 1583 481 1621; x_wconf 88' lang='lat' dir='ltr'>morumque</span> <span class='ocrx_word' id='word_1_187' title='bbox 487 1574 567 1620; x_wconf 89' lang='lat' dir='ltr'>jubebo</span> 
     </span>
     <span class='ocr_line' id='line_1_29' title="bbox 61 1622 616 1666; baseline 0 -5"><span class='ocrx_word' id='word_1_188' title='bbox 61 1623 152 1661; x_wconf 86' lang='lat' dir='ltr'>Doctum</span> <span class='ocrx_word' id='word_1_189' title='bbox 160 1622 295 1666; x_wconf 76' lang='lat' dir='ltr'>imitatorem,</span> <span class='ocrx_word' id='word_1_190' title='bbox 305 1627 327 1660; x_wconf 88' lang='lat' dir='ltr'>et</span> <span class='ocrx_word' id='word_1_191' title='bbox 334 1633 394 1660; x_wconf 80' lang='lat' dir='ltr'>veras</span> <span class='ocrx_word' id='word_1_192' title='bbox 404 1622 455 1660; x_wconf 91' lang='lat' dir='ltr'>hinc</span> <span class='ocrx_word' id='word_1_193' title='bbox 463 1624 540 1661; x_wconf 88' lang='lat' dir='ltr'>ducere</span> <span class='ocrx_word' id='word_1_194' title='bbox 549 1634 616 1661; x_wconf 86' lang='lat' dir='ltr'>voees.</span> 
     </span>
     <span class='ocr_line' id='line_1_30' title="bbox 61 1671 527 1720; baseline -0.002 -9"><span class='ocrx_word' id='word_1_195' title='bbox 61 1672 171 1711; x_wconf 91' lang='lat' dir='ltr'>Interdum</span> <span class='ocrx_word' id='word_1_196' title='bbox 179 1672 274 1719; x_wconf 79' lang='lat' dir='ltr'>speciosa</span> <span class='ocrx_word' id='word_1_197' title='bbox 281 1671 332 1710; x_wconf 89' lang='lat' dir='ltr'>locis</span> <span class='ocrx_word' id='word_1_198' title='bbox 340 1677 464 1720; x_wconf 76' lang='lat' dir='ltr'>morataque</span> <span class='ocrx_word' id='word_1_199' title='bbox 471 1677 527 1710; x_wconf 90' lang='lat' dir='ltr'>recte</span> 
     </span>
     <span class='ocr_line' id='line_1_31' title="bbox 61 1721 657 1770; baseline -0.002 -8"><span class='ocrx_word' id='word_1_200' title='bbox 61 1723 147 1767; x_wconf 78' lang='lat' dir='ltr'>Fabula,</span> <span class='ocrx_word' id='word_1_201' title='bbox 157 1721 237 1760; x_wconf 85' lang='lat' dir='ltr'>nullius</span> <span class='ocrx_word' id='word_1_202' title='bbox 245 1722 334 1767; x_wconf 83' lang='lat' dir='ltr'>veneris,</span> <span class='ocrx_word' id='word_1_203' title='bbox 342 1722 388 1760; x_wconf 89' lang='lat' dir='ltr'>sine</span> <span class='ocrx_word' id='word_1_204' title='bbox 396 1724 489 1770; x_wconf 88' lang='lat' dir='ltr'>pondere</span> <span class='ocrx_word' id='word_1_205' title='bbox 497 1728 519 1761; x_wconf 89' lang='lat' dir='ltr'>et</span> <span class='ocrx_word' id='word_1_206' title='bbox 530 1726 580 1768; x_wconf 82' lang='lat' dir='ltr'>arte,</span> <span class='ocrx_word' id='word_1_207' title='bbox 619 1725 657 1761; x_wconf 81' lang='lat'>320</span> 
     </span>
     <span class='ocr_line' id='line_1_32' title="bbox 60 1770 593 1821; baseline 0 -10"><span class='ocrx_word' id='word_1_208' title='bbox 60 1773 148 1811; x_wconf 87' lang='lat' dir='ltr'>Vsldius</span> <span class='ocrx_word' id='word_1_209' title='bbox 156 1771 248 1810; x_wconf 82' lang='lat' dir='ltr'>oblectet</span> <span class='ocrx_word' id='word_1_210' title='bbox 256 1770 359 1820; x_wconf 89' lang='lat' dir='ltr'>populum</span> <span class='ocrx_word' id='word_1_211' title='bbox 367 1772 485 1821; x_wconf 89' lang='lat' dir='ltr'>meliusque</span> <span class='ocrx_word' id='word_1_212' title='bbox 493 1778 593 1819; x_wconf 80' lang='lat' dir='ltr'>moretur,</span> 
     </span>
     <span class='ocr_line' id='line_1_33' title="bbox 59 1821 588 1872; baseline 0.002 -11"><span class='ocrx_word' id='word_1_213' title='bbox 59 1824 129 1865; x_wconf 82' lang='lat' dir='ltr'>Quem</span> <span class='ocrx_word' id='word_1_214' title='bbox 136 1833 208 1861; x_wconf 82' lang='lat' dir='ltr'>versus</span> <span class='ocrx_word' id='word_1_215' title='bbox 217 1823 290 1871; x_wconf 85' lang='lat' dir='ltr'>inopes</span> <span class='ocrx_word' id='word_1_216' title='bbox 298 1833 375 1865; x_wconf 78' lang='lat' dir='ltr'>rerum,</span> <span class='ocrx_word' id='word_1_217' title='bbox 385 1821 490 1872; x_wconf 52' lang='lat' dir='ltr'>nuptaque</span> <span class='ocrx_word' id='word_1_218' title='bbox 498 1834 588 1862; x_wconf 81' lang='lat' dir='ltr'>csnorse.</span> 
     </span>
     <span class='ocr_line' id='line_1_34' title="bbox 61 1872 540 1921; baseline -0.002 -8"><span class='ocrx_word' id='word_1_219' title='bbox 61 1874 129 1913; x_wconf 77' lang='lat' dir='ltr'>Graiis</span> <span class='ocrx_word' id='word_1_220' title='bbox 136 1873 253 1921; x_wconf 75' lang='lat' dir='ltr'>ingenium,</span> <span class='ocrx_word' id='word_1_221' title='bbox 264 1872 332 1911; x_wconf 79' lang='lat' dir='ltr'>Graiis</span> <span class='ocrx_word' id='word_1_222' title='bbox 340 1874 399 1912; x_wconf 89' lang='lat' dir='ltr'>dedit</span> <span class='ocrx_word' id='word_1_223' title='bbox 406 1885 442 1911; x_wconf 85' lang='lat' dir='ltr'>ore</span> <span class='ocrx_word' id='word_1_224' title='bbox 450 1875 540 1913; x_wconf 85' lang='lat' dir='ltr'>rotundo</span> 
     </span>
     <span class='ocr_line' id='line_1_35' title="bbox 84 1922 547 1972; baseline 0.002 -10"><span class='ocrx_word' id='word_1_225' title='bbox 84 1934 122 1962; x_wconf 81' lang='lat' dir='ltr'>use</span> <span class='ocrx_word' id='word_1_226' title='bbox 129 1923 195 1971; x_wconf 88' lang='lat' dir='ltr'>loqui,</span> <span class='ocrx_word' id='word_1_227' title='bbox 204 1928 281 1972; x_wconf 82' lang='lat' dir='ltr'>praeter</span> <span class='ocrx_word' id='word_1_228' title='bbox 288 1922 375 1962; x_wconf 85' lang='lat' dir='ltr'>leudem</span> <span class='ocrx_word' id='word_1_229' title='bbox 383 1924 463 1963; x_wconf 89' lang='lat' dir='ltr'>nullius</span> <span class='ocrx_word' id='word_1_230' title='bbox 471 1925 547 1963; x_wconf 76' lang='lat' dir='ltr'>avaris.</span> 
     </span>
     <span class='ocr_line' id='line_1_36' title="bbox 93 1973 774 2051; baseline 0.006 -39"><span class='ocrx_word' id='word_1_231' title='bbox 93 1974 152 2012; x_wconf 88' lang='lat' dir='ltr'>msni</span> <span class='ocrx_word' id='word_1_232' title='bbox 162 1973 222 2022; x_wconf 86' lang='lat' dir='ltr'>pueri</span> <span class='ocrx_word' id='word_1_233' title='bbox 231 1973 299 2021; x_wconf 76' lang='lat' dir='ltr'>longis</span> <span class='ocrx_word' id='word_1_234' title='bbox 307 1974 424 2014; x_wconf 81' lang='lat' dir='ltr'>rationibus</span> <span class='ocrx_word' id='word_1_235' title='bbox 433 1986 500 2014; x_wconf 79' lang='lat' dir='ltr'>essem</span> <span class='ocrx_word' id='word_1_236' title='bbox 773 1998 774 2051; x_wconf 36' lang='lat' dir='ltr'>q</span> 
     </span>
     <span class='ocr_line' id='line_1_37' title="bbox 60 2024 555 2072; baseline 0 -7"><span class='ocrx_word' id='word_1_237' title='bbox 60 2026 149 2065; x_wconf 84' lang='lat' dir='ltr'>Discunt</span> <span class='ocrx_word' id='word_1_238' title='bbox 156 2024 178 2062; x_wconf 93' lang='lat' dir='ltr'>in</span> <span class='ocrx_word' id='word_1_239' title='bbox 187 2027 257 2072; x_wconf 81' lang='lat' dir='ltr'>partes</span> <span class='ocrx_word' id='word_1_240' title='bbox 265 2030 352 2064; x_wconf 88' lang='lat' dir='ltr'>centum</span> <span class='ocrx_word' id='word_1_241' title='bbox 360 2026 466 2065; x_wconf 89' lang='lat' dir='ltr'>diducere.</span> <span class='ocrx_word' id='word_1_242' title='bbox 493 2027 555 2065; x_wconf 83' lang='lat' dir='ltr'>Dicat</span> 
     </span>
     <span class='ocr_line' id='line_1_38' title="bbox 59 2074 537 2125; baseline 0.004 -11"><span class='ocrx_word' id='word_1_243' title='bbox 59 2074 124 2114; x_wconf 77' lang='lat' dir='ltr'>Filius</span> <span class='ocrx_word' id='word_1_244' title='bbox 133 2074 212 2119; x_wconf 77' lang='lat' dir='ltr'>Albini,</span> <span class='ocrx_word' id='word_1_245' title='bbox 223 2075 245 2113; x_wconf 79' lang='lat' dir='ltr'>Si</span> <span class='ocrx_word' id='word_1_246' title='bbox 254 2076 281 2114; x_wconf 84' lang='lat' dir='ltr'>de</span> <span class='ocrx_word' id='word_1_247' title='bbox 289 2076 408 2125; x_wconf 86' lang='lat' dir='ltr'>quincunce</span> <span class='ocrx_word' id='word_1_248' title='bbox 416 2082 497 2116; x_wconf 82' lang='lat' dir='ltr'>remote</span> <span class='ocrx_word' id='word_1_249' title='bbox 505 2082 537 2116; x_wconf 87' lang='lat' dir='ltr'>est</span> 
     </span>
     <span class='ocr_line' id='line_1_39' title="bbox 3 2124 773 2185; baseline 0 -21"><span class='ocrx_word' id='word_1_250' title='bbox 3 2150 5 2181; x_wconf 34' lang='grc' dir='ltr'>ᾖ</span> <span class='ocrx_word' id='word_1_251' title='bbox 60 2124 132 2171; x_wconf 87' lang='lat' dir='ltr'>Uncis,</span> <span class='ocrx_word' id='word_1_252' title='bbox 143 2125 195 2175; x_wconf 87' lang='lat' dir='ltr'>quid</span> <span class='ocrx_word' id='word_1_253' title='bbox 202 2128 300 2175; x_wconf 70' lang='lat' dir='ltr'>superet?</span> <span class='ocrx_word' id='word_1_254' title='bbox 323 2127 408 2167; x_wconf 81' lang='lat' dir='ltr'>Poteras</span> <span class='ocrx_word' id='word_1_255' title='bbox 416 2128 501 2173; x_wconf 76' lang='lat' dir='ltr'>dixisse,</span> <span class='ocrx_word' id='word_1_256' title='bbox 511 2129 592 2167; x_wconf 85' lang='lat' dir='ltr'>Triens.</span> <span class='ocrx_word' id='word_1_257' title='bbox 609 2128 653 2166; x_wconf 88' lang='lat' dir='ltr'>Eu!</span> <span class='ocrx_word' id='word_1_258' title='bbox 771 2158 773 2185; x_wconf 73' lang='lat'><strong>⁴</strong></span> 
     </span>
     <span class='ocr_line' id='line_1_40' title="bbox 3 2176 643 2233; baseline 0.002 -18"><span class='ocrx_word' id='word_1_259' title='bbox 3 2202 5 2233; x_wconf 42' lang='grc' dir='ltr'><strong>ὲ</strong></span> <span class='ocrx_word' id='word_1_260' title='bbox 60 2176 113 2215; x_wconf 83' lang='lat' dir='ltr'>Rem</span> <span class='ocrx_word' id='word_1_261' title='bbox 121 2177 199 2227; x_wconf 87' lang='lat' dir='ltr'>poteris</span> <span class='ocrx_word' id='word_1_262' title='bbox 206 2188 290 2216; x_wconf 78' lang='lat' dir='ltr'>servare</span> <span class='ocrx_word' id='word_1_263' title='bbox 299 2182 365 2217; x_wconf 83' lang='lat' dir='ltr'>tuem.</span> <span class='ocrx_word' id='word_1_264' title='bbox 395 2178 460 2217; x_wconf 82' lang='lat' dir='ltr'>Redit</span> <span class='ocrx_word' id='word_1_265' title='bbox 467 2179 537 2225; x_wconf 81' lang='lat' dir='ltr'>uncia,</span> <span class='ocrx_word' id='word_1_266' title='bbox 546 2179 598 2229; x_wconf 88' lang='lat' dir='ltr'>quid</span> <span class='ocrx_word' id='word_1_267' title='bbox 607 2179 643 2217; x_wconf 79' lang='lat' dir='ltr'>fit?</span> 
     </span>
     <span class='ocr_line' id='line_1_41' title="bbox 3 2228 773 2281; baseline 0.005 -16"><span class='ocrx_word' id='word_1_268' title='bbox 3 2252 5 2281; x_wconf 64' lang='lat'>3</span> <span class='ocrx_word' id='word_1_269' title='bbox 60 2228 131 2267; x_wconf 81' lang='lat' dir='ltr'>semis.</span> <span class='ocrx_word' id='word_1_270' title='bbox 157 2229 198 2275; x_wconf 82' lang='lat' dir='ltr'>An,</span> <span class='ocrx_word' id='word_1_271' title='bbox 208 2228 255 2268; x_wconf 81' lang='lat' dir='ltr'>hoec</span> <span class='ocrx_word' id='word_1_272' title='bbox 263 2229 345 2270; x_wconf 73' lang='lat' dir='ltr'>nmmos</span> <span class='ocrx_word' id='word_1_273' title='bbox 353 2240 424 2279; x_wconf 76' lang='lat' dir='ltr'>oenrgo</span> <span class='ocrx_word' id='word_1_274' title='bbox 432 2236 454 2270; x_wconf 92' lang='lat' dir='ltr'>et</span> <span class='ocrx_word' id='word_1_275' title='bbox 461 2241 512 2269; x_wconf 84' lang='lat' dir='ltr'>curs</span> <span class='ocrx_word' id='word_1_276' title='bbox 519 2230 590 2281; x_wconf 85' lang='lat' dir='ltr'>peculi</span> <span class='ocrx_word' id='word_1_277' title='bbox 616 2232 654 2269; x_wconf 78' lang='lat'>3³⁰</span> <span class='ocrx_word' id='word_1_278' title='bbox 769 2230 773 2277; x_wconf 83' lang='grc'>1</span> 
     </span>
    </p>
   </div>
   <div class='ocr_carea' id='block_1_4' title="bbox 770 2286 773 2341">
    <p class='ocr_par' dir='ltr' id='par_1_4' title="bbox 770 2286 773 2341">
     <span class='ocr_line' id='line_1_42' title="bbox 770 2286 773 2341; baseline 0 0"><span class='ocrx_word' id='word_1_279' title='bbox 770 2286 773 2341; x_wconf 78' lang='lat' dir='ltr'>i</span> 
     </span>
    </p>
   </div>
   <div class='ocr_carea' id='block_1_5' title="bbox 0 0 786 2568">
    <p class='ocr_par' dir='ltr' id='par_1_5' title="bbox 0 0 786 2568">
     <span class='ocr_line' id='line_1_43' title="bbox 0 0 786 2568; baseline 0 1"><span class='ocrx_word' id='word_1_280' title='bbox 0 0 786 2568; x_wconf 95' lang='lat' dir='ltr'> </span> 
     </span>
    </p>
   </div>
  </div>
 </body>
</html>
