1562 2568
210 165 347 207 EPISTOLA
360 167 400 207 AD
414 168 538 208 Pisones.
634 171 669 208 2³1

73 285 170 327 Tibicen.
179 282 286 331 traxitque
294 293 360 332 vagus
367 295 405 334 per
411 285 494 334 pulpita
501 291 588 324 vestem.

70 332 108 373 'Sic
117 334 183 373 etiam
190 334 268 372 fidibus
276 345 338 374 voces
349 346 433 374 crevere
440 337 525 380 severis,

74 387 102 424 Et
110 385 161 424 tulit
168 383 278 434 eloquium
285 385 395 426 insolitum
403 387 504 426 facundia
511 397 610 436 praeceps,

74 436 207 485 Utiliumque
216 446 364 496 sagenarum,
374 443 396 476 et
404 438 477 477 divina
484 438 557 482 futuri,

75 486 183 535 Sortilegis
192 496 234 524 non
243 487 359 536 discrepuit
366 490 471 528 sententia
481 488 575 537 Delphis.

10 570 11 577 ,
99 537 199 576 Carmine
204 537 241 586 qui
249 539 328 586 tragico
335 539 399 578 vilem
407 540 495 578 certavit
502 540 529 577 ob
538 538 626 583 hircum,
635 540 672 575 220

10 588 11 637 j
76 588 129 627 Mox
136 588 202 626 etiam
210 593 302 635 agrestes
310 590 395 638 Satyros
402 591 497 635 nudavit,
507 595 529 628 et
536 601 597 638 asper

10 640 11 655 ¹
75 638 182 677 Incolumi
189 638 368 687 gravitatejocum
377 642 467 679 tentavit
475 652 506 685 eo,
516 641 573 689 quod

76 689 185 728 illecabris
192 692 237 727 erat
245 693 267 727 et
274 694 334 737 grata
342 691 435 729 novitate
441 693 556 730 morandus

76 741 191 789 Spectator,
199 739 328 799 functusque
337 741 407 785 muris,
416 745 438 779 et
445 745 514 790 potus,
523 746 545 780 et
552 741 622 780 exlex.

10 804 12 833 ρ
76 790 156 829 Verum
163 790 193 828 ita
201 789 324 836 moresne
331 792 479 830 commendare
490 792 574 831 dicaces

76 841 193 879 Conveniet
200 841 292 889 Satyros,
300 841 331 879 ita
339 845 420 879 vertere
428 842 482 880 seria
490 841 548 885 ludo,

10 900 11 903 ’
76 892 116 937 Ne,
125 892 247 940 quicunque
256 891 319 937 Deus,
329 892 451 940 quicunque
460 892 596 931 adhibebitur
604 894 673 937 heros,

10 960 11 965 =
78 941 154 990 Regali
161 945 286 990 conspectus
293 943 316 980 in
324 952 376 980 auro
385 953 453 991 nuper
460 947 482 981 et
490 949 552 987 ostro,

10 1018 13 1037 ‚
77 993 155 1041 Migret
161 993 184 1030 in
192 992 292 1031 obscurae
299 992 377 1031 humili
385 1004 481 1032 sermone
489 995 597 1037 tabernam

77 1045 128 1089 Aut,
136 1044 188 1081 dum
195 1043 248 1081 vitat
255 1042 351 1089 humum,
360 1045 428 1083 nubes
436 1048 459 1083 et
466 1045 540 1083 inania
547 1048 624 1093 captet
638 1046 675 1082 2³0

78 1093 167 1132 Effutire
175 1093 232 1132 levea
240 1094 328 1142 indigna
334 1095 438 1142 tragoedia
445 1105 523 1140 versus,

10 1180 11 1191 ,
78 1144 107 1182 Ut
115 1145 175 1184 festis
183 1150 280 1183 matrona
287 1146 367 1183 moveri
375 1146 435 1194 jussa
443 1146 525 1191 diebus,

78 1195 178 1234 Intererit
187 1195 266 1243 Satyris
273 1195 369 1245 paullum
377 1197 503 1244 pudibunde
511 1198 619 1246 protervis.
690 1162 715 1240 ς.

79 1246 99 1284 N
101 1257 129 1284 on
137 1256 176 1294 ego
184 1246 281 1285 inornata
290 1250 311 1285 et
319 1247 451 1286 dominantia
459 1248 546 1286 nomina
554 1247 630 1292 solum,

78 1296 198 1345 Verbaque,
208 1296 300 1343 Pisones,
311 1298 434 1347 Satyrorum
443 1299 531 1347 scriptor
538 1298 625 1341 amab0;

11 1376 12 1381 ,
79 1347 125 1385 Nec
133 1348 163 1386 sic
171 1348 240 1386 enitar
247 1349 325 1397 tragico
333 1349 417 1388 differre
425 1349 496 1395 colori,

79 1397 109 1435 Ut
117 1397 171 1435 nihii
180 1398 269 1444 intersit,
279 1399 380 1439 Davusne
387 1400 488 1450 loquatur
496 1405 518 1439 et
526 1401 598 1438 audax

80 1448 167 1496 Pythias
174 1454 274 1488 emuncto
281 1449 364 1489 lucrata
372 1452 458 1490 Simone
465 1451 576 1495 talentum.

11 1503 17 1519 Γ
79 1499 114 1537 An
121 1502 192 1538 custos
200 1499 336 1550 famulusque
345 1501 386 1540 Dei
395 1502 480 1541 Silenus
486 1501 575 1541 alumni.

11 1572 12 1601 3
81 1550 115 1587 Ex
124 1554 174 1588 noto
182 1549 255 1588 fictum
263 1562 350 1590 carmen
358 1563 441 1601 sequar,
450 1558 475 1590 ut
483 1552 600 1600 sibiquivis
640 1551 677 1588 24⁰

80 1601 155 1649 Sperat
163 1600 227 1645 idem,
236 1602 299 1640 sudet
306 1601 399 1640 mulium
405 1602 525 1650 frustraque
533 1602 616 1640 laboret

81 1652 151 1689 Ausus
159 1649 228 1688 idem:
241 1655 326 1689 tantum
333 1653 398 1690 series
403 1653 546 1701 juncturaque
555 1651 632 1700 pollet!

81 1701 174 1739 Tantum
182 1701 208 1739 de
215 1701 286 1739 medio
294 1703 369 1741 sumtis
377 1703 460 1740 accedit
467 1702 553 1741 honoris
560 1703 564 1739 i

81 1751 143 1789 Silvis
153 1751 239 1790 deducti
247 1756 342 1798 caveant,
347 1764 382 1791 me
388 1753 468 1800 Judice,
478 1753 552 1798 Fauni,

81 1802 121 1846 Ne,
131 1801 190 1840 velut
200 1802 269 1840 innati
277 1803 344 1841 triviis
351 1814 376 1842 ac
384 1814 439 1852 pene
447 1803 546 1847 forenses.

82 1853 126 1891 Aut
131 1851 221 1890 nimium
230 1853 308 1891 teneris
313 1854 444 1901 iuvenentur
451 1854 546 1892 versibus
555 1864 657 1902 unquam,

83 1905 127 1941 Aut
134 1903 245 1941 immunda
253 1908 340 1953 crepent
346 1904 527 1953 ignominiosaque
534 1905 590 1943 dicta
598 1916 602 1941 :

12 1976 14 1983 »
82 1953 224 1992 offenduntur
237 1954 302 2000 enim,
318 1955 396 2004 quibus
411 1960 444 1994 eat
459 1966 532 2004 equus,
549 1959 570 1993 et
583 1959 649 2005 pater,
658 1959 680 1993 et

131 2014 164 2042 res

12 2058 13 2091 ἶ
83 2055 134 2100 Nec,
142 2054 160 2094 si
166 2030 221 2104 quid
228 2054 285 2095 fricti
293 2056 366 2096 ciceris
372 2057 448 2105 probat
455 2061 477 2096 et
483 2058 543 2096 nucis
550 2061 623 2102 emtor,

12 2134 13 2145 r
83 2104 158 2196 ›Eguie
165 2107 272 2156 accipiunt
279 2108 363 2153 animis,
372 2109 478 2147 donantve
486 2118 569 2147 corona.
643 2109 680 2146 250
687 2068 758 2193 W

12 2148 14 2203 ζ
122 2157 194 2207 yllaba
202 2157 265 2207 longa
274 2159 331 2197 brevi
340 2160 436 2207 subjecta
445 2163 530 2198 vocatur
539 2159 628 2203 iambus,

12 2212 14 2255 i
85 2208 124 2248 Pes
132 2209 197 2250 citus:
212 2209 269 2249 unde
277 2210 342 2251 etiam
350 2211 450 2250 trimetris
457 2210 648 2260 adcrescerejuaait

12 2382 47 2517 iffi
