1520 2572
117 217 152 254 128
277 214 302 256 Q.
317 212 440 252 nouum
454 212 553 253 Pulcer

116 331 192 375 Μωος
207 329 264 367 diem
272 332 340 367 totum
348 329 456 368 sternebat.
482 327 519 366 llll
528 327 571 366 luit
579 339 677 377 unquam

114 381 149 420 Bic
156 381 225 430 impes
232 379 281 418 sibi.
307 380 369 418 Nunc
378 379 455 427 aliquis
463 378 520 417 dicat
528 377 590 422 mihi.
602 380 662 425 Quid
669 379 704 417 tul

116 431 208 470 Nullane
224 429 371 469 habeantur
393 429 462 468 lmmo
482 428 531 474 alis,
548 427 610 467 haud
627 429 714 468 fortusse

165 481 257 521 minore
690 481 714 518 2⁰

116 532 208 571 Maenius
216 532 325 570 absentem
333 530 425 568 Novium
433 531 485 569 dum
492 534 594 578 carperet,
605 529 668 570 Heus
676 535 706 576 tu,

115 582 207 628 Qiiidsm
216 582 252 627 eit,
261 582 381 629 ignorante,
391 591 418 619 sn
426 585 452 619 ut
460 580 555 628 ignotum
565 580 618 618 dare
627 582 691 620 nobis

116 632 186 671 Verba
193 636 255 680 putas
263 633 271 670 l
298 631 386 679 Egomet
392 632 423 669 mi
431 632 522 679 ignosco,
533 630 627 669 Maenius
635 632 714 680 inquit.

116 682 197 721 Stultus
206 686 227 721 et
235 682 342 731 improbus
350 681 385 720 hic
394 692 453 720 emor
461 684 498 726 est,
508 681 629 729 dignusque
637 682 714 720 notari.

115 733 187 779 Quum
197 736 235 771 tua
243 732 352 781 pervideas
360 731 427 770 oculis
436 730 492 769 male
500 730 572 780 lippus
580 731 683 778 inunctis.

116 783 158 822 cur
168 783 191 822 in
199 783 315 822 amicorum
323 782 380 821 vitiis
388 787 433 820 um
440 781 508 820 cernis
517 785 611 828 acutum,

116 834 186 879 Quam
199 836 237 871 sut
248 832 321 882 squila
331 838 368 871 aut
376 843 461 882 serpeus
476 832 617 881 Epidaurius?
644 836 668 871 at
675 832 716 871 tibi

165 888 239 922 contre

117 933 199 980 Evenit,
208 933 318 983 inquirunt
324 932 377 972 vitis
384 937 409 972 ut
416 937 454 972 tua
462 943 533 972 rursus
541 936 563 970 et
572 931 611 971 illi.

116 984 240 1023 hscundior
247 988 279 1024 est
286 984 356 1033 paulo,
365 985 436 1023 minus
472 988 506 1021 tus
514 982 582 1021 scutis

116 1034 208 1074 Naribus
215 1035 291 1074 horum
299 1034 409 1073 hominum
416 1046 421 1078 ;
435 1034 453 1072 ri
468 1033 499 1072 eri
506 1033 573 1081 possit
580 1044 612 1079 so,
624 1034 682 1082 quod

117 1084 225 1124 Rusticius
233 1090 294 1124 tonso
302 1089 351 1132 loge
359 1085 439 1128 defluit,
449 1089 470 1123 st
477 1083 534 1122 male
542 1083 605 1122 laxus
688 1085 712 1123 ³1

116 1134 143 1173 ln
151 1137 205 1185 pede
213 1136 296 1175 calceus
304 1135 381 1180 haeret;
396 1139 418 1173 st
426 1138 458 1174 est
466 1135 540 1180 bouus,
549 1138 574 1173 ut
583 1133 659 1172 melior
665 1135 698 1173 vir

117 1185 165 1224 Non
180 1186 235 1225 alius
248 1186 366 1235 quisquam,
379 1190 401 1224 at
414 1185 452 1224 tibi
465 1185 552 1229 amicus,
567 1189 591 1222 ct
603 1184 713 1234 ingenium

167 1248 241 1285 mgens

118 1286 202 1325 lncultn
210 1286 263 1325 latet
270 1286 310 1324 hoc
320 1286 359 1324 sub
368 1296 465 1334 corpore:
479 1285 570 1333 denique
579 1284 680 1334 teipsum
748 1326 749 1333 χ

118 1337 217 1384 Cononis,
226 1349 278 1377 num
287 1347 329 1385 qus
337 1336 376 1374 tibi
384 1336 482 1375 vitiorum
490 1336 591 1375 inseverit
599 1334 651 1373 olim

118 1387 206 1432 Natura,
215 1392 253 1426 sut
260 1388 324 1426 ctiam
332 1387 462 1426 cousuetudo
470 1386 538 1430 malm
552 1396 647 1434 namque

118 1437 224 1486 Neglectis
234 1438 314 1477 urenda
321 1436 368 1476 filix
376 1437 493 1475 innascitur
500 1436 563 1485 agris.

117 1488 172 1527 Illuc
180 1493 336 1537 praevertamur,
346 1493 462 1525 amatorem
471 1487 528 1535 quod
536 1485 611 1525 emicae

118 1539 197 1588 Turpis
205 1539 314 1588 decipiunt
323 1548 404 1576 caecum
412 1538 469 1583 vitia,
479 1541 517 1575 snt
524 1536 590 1575 ctiam
596 1537 644 1584 ipse
652 1536 700 1576 haec

118 1589 235 1635 Delectant,
244 1589 310 1627 veluti
318 1588 433 1626 Balbinum
443 1588 532 1636 polypus
541 1587 631 1634 Hegnae.
691 1589 716 1626 40

118 1639 200 1678 Vellem
208 1641 231 1678 in
239 1639 332 1678 amicitis
340 1639 370 1678 sic
378 1649 502 1683 erraremus,
511 1641 534 1676 et
541 1637 576 1676 isti

118 1690 189 1730 Emori
197 1701 274 1729 nomen
282 1691 348 1729 virtus
356 1689 461 1738 posuisset
467 1689 588 1727 honestum.

118 1741 147 1779 At
154 1745 214 1790 puter
221 1745 246 1779 ut
252 1741 318 1787 gnati,
327 1740 357 1778 sic
365 1751 403 1778 nos
412 1740 520 1784 dehemus,
527 1738 592 1777 amici

118 1791 139 1830 si
148 1792 205 1840 quod
213 1792 240 1829 sit
248 1791 331 1834 vitium,
340 1801 383 1828 non
391 1790 498 1828 fastidire:
517 1789 639 1828 strabonem

118 1842 217 1891 Appellat
226 1842 309 1880 Paetum
316 1845 382 1889 pater,
392 1843 414 1878 et
423 1839 515 1884 Pullum,
524 1838 581 1877 mele
590 1849 669 1889 pervus

119 1892 141 1930 Sl
149 1893 183 1930 eui
191 1892 247 1931 fliius
255 1895 293 1935 est,
303 1895 327 1929 ut
335 1891 441 1929 ebortivus
449 1890 491 1929 suit
498 1889 550 1929 olim

118 1942 230 1991 Sisyphum
245 1941 302 1980 hunc
311 1942 391 1979 Varum
400 1941 494 1979 distortis
502 1941 606 1986 cruribus,
615 1940 679 1979 illum

119 1992 214 2032 nubunt
223 1992 325 2030 Scaurum
333 1992 402 2040 pravis
410 1991 490 2030 fultum
498 1991 554 2033 male
564 1990 621 2030 talis.

119 2042 204 2081 Parcius
211 2043 247 2080 hic
257 2043 320 2080 vivit:
336 2042 392 2089 frugi
399 2042 488 2080 dicetur.
515 2041 605 2091 ineptus

120 2092 148 2130 Et
153 2091 267 2139 jactantior
275 2092 308 2129 hic
316 2092 389 2139 paullo
397 2097 440 2131 est:
454 2091 571 2131 concinnus
579 2092 661 2137 amieis,
693 2092 717 2131 is

119 2141 252 2186 Postulstut,
263 2142 366 2180 videatur.
393 2143 421 2179 At
429 2145 462 2181 est
469 2141 610 2183 truculentior
618 2148 685 2193 atquc

119 2190 169 2228 Plus
178 2202 239 2238 inquo
248 2191 311 2229 liber:
331 2191 422 2239 simplex
430 2192 532 2239 fortisque
539 2192 654 2235 habeatur.

94 2239 112 2263 ¹¹
119 2239 202 2281 caldior
211 2245 242 2279 est
251 2252 255 2277 :
272 2251 329 2280 acres
338 2241 393 2280 inter
401 2247 531 2281 numeretur.
557 2243 646 2297 Opinoi,
