1520 2572
100 157 136 195 1³⁸
263 155 288 196 Ω.
302 153 428 194 nonnuli
441 154 539 193 FLACCI

100 271 157 310 Dum
165 269 251 308 flumme
260 269 305 308 sine
313 274 362 308 ture
369 268 486 317 liquescere
494 268 570 308 limine
579 281 642 311 sacro

100 321 229 361 Persuadere
237 321 307 369 cupit:
322 321 394 358 credat
402 319 490 359 Judaeus
499 320 588 369 Apella,
667 325 700 361 100
752 332 753 365 ᾗ

99 372 149 411 Non
169 383 220 420 ego:
247 381 340 419 nemque
361 371 411 408 deos
434 370 498 409 didici
518 381 621 411 securum
642 384 699 422 agere

149 432 234 466 sevum

100 472 151 517 Nec,
161 473 179 511 si
188 472 240 520 quid
247 471 296 510 miri
303 471 368 509 faciat
375 473 457 516 nutura,
467 471 518 509 deos
525 471 549 510 id

99 523 178 562 Tristes
186 534 214 561 ex
222 522 265 560 ulto
275 522 324 560 oceli
332 522 443 559 demittere
452 525 514 560 tecto.

24 613 30 627 x
43 572 59 633 f
99 573 245 612 Brundusium
252 571 322 621 longae
330 572 378 610 finis
387 571 509 620 chartaeque
518 572 612 621 viaeque.

149 642 260 749 iios-7
282 630 367 705 2‘11
396 622 521 690 ww·

320 722 426 762 SATIRA
439 722 476 760 VI.

100 823 159 869 Nou,
169 823 226 872 quic,
237 823 350 869 Maecenas,
360 822 465 871 Lydorum
473 821 575 871 quicquid
585 822 686 863 Etruscos

100 873 194 913 lncoluit
200 874 260 919 fines,
269 885 332 912 nemo
340 874 459 922 generosior
467 877 499 911 est
506 876 534 917 te,

100 925 145 963 Nec
154 925 211 973 quod
219 935 270 962 avus
279 925 318 962 tibi
327 929 434 963 maternus
442 924 484 962 fuit
491 926 555 971 utque
564 927 676 971 paternus,

101 975 156 1013 Olim
166 975 202 1023 qui
211 976 293 1022 mugnis
302 974 422 1023 regionibus
431 975 583 1024 imperitarent,

100 1025 130 1063 Ut
137 1025 233 1074 plerique
241 1025 315 1070 solent,
325 1036 377 1063 nuso
386 1025 496 1073 suspendis
504 1025 588 1063 adunco

100 1076 192 1124 Ignotos,
202 1081 268 1114 utine
277 1075 376 1114 libertino
384 1078 533 1124 patronatum.

100 1127 153 1165 Cum
161 1126 238 1165 referre
246 1137 316 1175 negas,
326 1126 384 1174 quali
392 1127 420 1164 sit
427 1127 516 1174 quisque
524 1129 614 1173 parente

100 1176 175 1222 Natus,
185 1178 236 1215 dum
245 1177 359 1225 ingenuns;
373 1177 487 1224 persuades
496 1176 536 1214 boc
545 1175 586 1214 tibi
594 1187 652 1222 uere,

100 1227 157 1265 Ante
164 1231 289 1275 potestatem
301 1226 358 1266 Tulli
367 1231 430 1275 atque
438 1225 530 1275 ignobile
540 1237 639 1274 regnum,

100 1277 180 1316 Multos
188 1288 244 1326 saepe
252 1278 307 1316 viros
316 1277 381 1316 nullis
388 1278 503 1325 majoribus
511 1280 567 1314 ortos
680 1279 704 1316 1⁰

101 1327 129 1365 Et
135 1328 212 1366 vixisse
222 1328 304 1376 probos,
314 1339 348 1366 cm
364 1327 390 1366 lis
399 1332 420 1365 et
431 1326 545 1366 honoribus
553 1330 643 1366 suctos:

101 1377 184 1421 Contra,
194 1378 310 1424 Laevinum,
320 1379 338 1415 V
362 1377 392 1416 eri
400 1389 472 1426 genus,
482 1378 539 1416 unde
549 1377 662 1426 Superbus

100 1428 228 1477 Tarquinius
236 1440 300 1476 regno
310 1428 383 1478 pulsus
391 1428 439 1474 fuit,
449 1429 513 1467 unius
522 1427 575 1466 assis

101 1477 151 1516 Non
159 1489 254 1526 unquam
262 1479 330 1528 pretio
338 1478 404 1527 pluris
412 1478 502 1523 licuisse,
512 1481 600 1517 notante

101 1528 114 1566 J
115 1529 183 1573 udice,
194 1540 235 1576 quo
244 1531 305 1574 nosti,
315 1529 405 1578 populo:
420 1530 457 1577 qui
465 1529 543 1567 stultus
551 1528 646 1569 honores

101 1579 162 1628 Saepe
171 1581 207 1617 dot
215 1580 313 1628 indignis,
323 1584 344 1617 et
352 1580 414 1618 famae
423 1580 486 1618 servit
493 1579 591 1670 ίηεὸῐυκ

101 1630 143 1674 uui
152 1633 224 1679 stupet
231 1630 253 1668 in
262 1630 329 1668 titulis
338 1634 360 1668 et
367 1630 501 1678 imaginibus.
547 1629 586 1667 uid
594 1634 681 1679 oportet

101 1679 145 1718 Nos
153 1681 229 1726 iecere,
239 1691 252 1718 a
259 1680 322 1728 vulgo
330 1680 392 1729 longe
400 1680 485 1728 lateque
492 1681 600 1718 remotos?

101 1730 199 1779 Namque
208 1735 258 1776 esto,
270 1731 360 1779 populus
369 1731 455 1769 Loevlno
464 1729 537 1768 mallet
544 1729 650 1769 honorem

101 1781 170 1826 Quam
181 1780 245 1819 Decio
252 1782 353 1820 mandere
362 1793 426 1826 novo;
442 1782 561 1827 Censorque
569 1785 669 1820 moveret
680 1783 705 1820 20

101 1832 189 1880 Appius,
199 1833 291 1880 ingenuo
299 1832 316 1869 si
325 1843 368 1870 non
376 1843 444 1870 essem
452 1834 510 1877 patre
519 1834 582 1868 natus
587 1843 593 1875 ;

101 1881 141 1919 Vel
149 1883 230 1928 merito,
240 1883 341 1930 quoniam
349 1882 373 1920 in
380 1883 464 1931 propriu
470 1892 513 1919 uon
521 1880 579 1929 pelle
588 1881 705 1929 quiessem.

101 1932 143 1970 Sed
151 1932 245 1981 fulgente
254 1932 319 1971 trehit
327 1934 449 1971 constrictos
458 1931 529 1970 Gloria
537 1942 602 1969 curru

102 1982 150 2020 Non
158 1983 229 2021 minus
237 1983 318 2030 ignotos
327 1984 439 2030 generosis.
466 1983 513 2027 Quo
521 1981 567 2027 tibi,
577 1980 645 2028 lulli,

102 2031 188 2069 Sumere
197 2032 316 2081 depositum
322 2033 412 2077 clauim,
421 2033 508 2080 flerique
517 2032 617 2071 tribuno?

102 2080 187 2118 lusidio
195 2082 291 2127 accrevit,
300 2083 382 2130 privato
390 2093 438 2130 quae
445 2083 515 2120 minor
523 2087 586 2120 esset.

103 2129 158 2167 Num
173 2134 198 2167 ut
212 2131 301 2179 quisque
314 2132 402 2170 insanus
415 2132 480 2180 nigris
494 2132 591 2172 medium
605 2134 722 2184 impediit.

152 2188 199 2216 crus
