1520 2572
189 230 465 270 CARMINUMLIB.1V.
486 248 488 251 ·
603 235 628 271 93
706 236 711 243 ”

80 346 206 396 Telephum,
219 357 283 395 quem
291 347 384 396 tepetis,
394 348 511 396 occupavit,

80 398 129 436 Non
137 401 181 436 tune
189 398 362 445 sortisjuvenem‚
371 398 444 447 puelle

81 448 145 487 Dives
153 453 176 488 et
183 448 269 494 lesciva,
278 451 378 498 tenetque
387 454 447 497 grate

257 499 361 548 eompede
370 501 471 540 vinetum.

81 548 154 587 Tenet
162 549 273 589 ambustus
281 549 391 589 Phaethon
399 560 472 591 uvares

81 600 143 648 Spes:
161 604 184 638 et
191 600 313 649 exemplum
321 611 383 649 grave
391 604 472 650 praebet
479 603 523 642 ales

82 651 181 699 Pegasus,
191 655 298 690 terrenum
306 651 399 699 equitem
407 658 505 701 gravatus

257 700 453 750 Bellerophontem

81 751 169 801 Semper
176 755 201 790 ut
208 755 230 790 te
238 752 303 799 digne
310 762 404 799 sequare,
414 757 441 795 et.
449 754 506 793 ultre

82 802 152 848 Quam
159 802 211 841 lieet
217 812 301 851 sperare
309 801 368 840 nefus
376 805 479 850 putando,

82 853 194 902 Dinparem
202 853 263 892 vites.
290 852 334 900 Age
341 853 392 900 Jem,
402 863 497 893 meorum

259 902 318 941 Finis
328 913 430 950 amorum,

81 954 102 992 N
102 965 130 992 on
138 954 197 992 enim
205 953 293 1002 posthae
301 952 344 991 alin
352 952 425 992 eelebo

82 1004 177 1051 Femina,
186 1005 284 1043 condisce
293 1004 373 1048 modos,
382 1005 486 1043 amende.

81 1055 138 1095 Voce
147 1066 200 1105 quos
208 1056 285 1094 reddes
293 1066 297 1092 :
311 1055 434 1093 minuentur
442 1059 493 1093 etrae

258 1105 355 1144 Carmine
363 1115 426 1144 curae.

267 1285 325 1326 ons
337 1285 389 1343 xii.

235 1416 270 1454 An
283 1416 431 1454 videbimuss.

82 1494 133 1533 Jess
142 1493 202 1531 Veris
210 1492 304 1538 comites,
313 1500 361 1540 quae
369 1503 428 1532 mere
436 1494 560 1543 temperent,

82 1544 201 1594 Impellunt
208 1543 285 1581 enimae
292 1541 359 1581 lintea
367 1543 462 1582 Thraciae
470 1555 475 1581 :

83 1596 132 1634 Jam
139 1606 180 1634 nee
188 1597 249 1643 prata
256 1592 330 1641 rigent,
340 1605 379 1632 nee
387 1594 447 1632 duvii
455 1598 550 1644 strepunt

260 1643 355 1681 Hiberna
364 1644 413 1683 nive
420 1645 505 1692 turgidi.

83 1697 164 1736 Nidum
174 1694 240 1744 ponit,
250 1692 298 1741 Ityn
306 1693 405 1733 debiliter
413 1705 505 1743 gemens,

84 1748 164 1786 Infelix
172 1746 223 1791 avis,
233 1747 255 1782 et
263 1744 367 1793 cecropiae
376 1746 451 1784 domus

84 1798 196 1838 AEtemum
204 1795 345 1845 opprobrium,
355 1796 412 1843 quod
419 1794 476 1833 male
482 1795 582 1834 barbares

260 1845 343 1894 Regum
352 1849 384 1884 est
390 1846 436 1884 ulta
444 1845 550 1884 libidines.

85 1899 164 1938 Dicunt
172 1899 195 1936 in
206 1900 278 1935 tenero
285 1896 380 1945 gramine
388 1896 499 1945 pinguium

85 1950 187 1988 Custodes
195 1949 266 1987 ovium
274 1948 369 1986 carmine
379 1945 456 1991 fistula,

84 2001 237 2049 Deleetentque
246 1998 322 2044 Deum,
330 1998 365 2037 cui
372 2009 437 2046 pecus
445 2001 467 2035 et
474 1996 528 2044 nigri

260 2048 328 2089 Colles
335 2049 431 2088 Aresdiae
439 2048 531 2096 placent.

85 2101 199 2140 Adduxere
208 2100 265 2140 sitim
274 2104 375 2150 tempore,
385 2099 460 2147 virgili
468 2111 472 2135 :

85 2152 126 2190 Sed
133 2163 229 2200 pressum
237 2151 321 2190 Calibus
329 2152 406 2189 ducere
414 2149 514 2188 Liberum

86 2202 107 2240 Si
114 2203 185 2251 gestis,
195 2203 297 2251 Juvenum
305 2201 409 2240 nobilium
417 2200 490 2244 cliens,

261 2253 332 2291 Nande
340 2253 389 2292 vide
396 2251 510 2290 merebere.
