1520 2572
123 236 159 274 10⁰
285 233 310 279 Q.
324 229 448 271 nonam
462 229 561 269 susem

171 350 220 395 Qua
227 351 350 386 muneretur
357 350 385 393 te,
395 345 478 395 Priape,
487 350 510 384 et
516 349 545 391 te,
554 348 616 395 pater

272 398 362 442 Silvano,
371 401 428 435 tutor
434 397 518 434 linium.

172 449 233 489 Libet
238 450 315 498 jacere,
324 448 387 486 modo
395 448 435 486 sub
442 447 532 495 antiqua
539 445 595 491 ilice,

273 499 337 537 Modo
345 499 368 536 in
376 497 446 536 tenaci
453 498 556 545 gramine.

172 550 282 589 Labuntur
289 549 338 588 altis
345 548 431 586 interim
439 548 491 596 ripis
498 558 568 596 aquae,

271 600 393 645 Queruntur
400 599 423 637 in
431 598 490 637 silvis
498 609 555 644 ares,

172 651 290 698 sontesque
296 649 388 698 lymphis
395 650 520 698 obstrepunt
526 647 669 692 manantibus,

271 701 360 738 Somnos
368 700 426 748 quod
433 699 508 738 invitet
516 697 580 737 leves.

172 752 200 790 st
208 761 275 801 quum
283 751 385 789 Tonantis
393 760 462 788 annus
469 749 571 788 hibernus
580 748 640 787 loris

271 802 353 840 Imbres
361 801 463 849 nivesque
471 803 587 849 comparat,

172 853 216 891 Aut
223 852 290 891 trudit
299 862 358 890 acres
366 851 417 889 hinc
427 856 449 889 et
456 850 507 889 hinc
515 850 585 888 multa
592 859 647 889 cans

272 903 290 941 Α
305 913 339 941 ros
347 902 370 940 in
379 902 487 940 obstantes
495 899 580 949 plagam

172 955 216 992 Aut
223 913 338 992 amitalem
346 962 394 990 rara
401 952 471 990 tendit
478 951 538 997 retia,

270 1003 347 1045 Turdis
355 1003 456 1041 edacibus
465 1001 536 1046 dolos;
631 1001 712 1049 mmem.

172 1053 319 1102 Pavidumque
339 1052 440 1101 leporem,
457 1056 480 1090 et
500 1052 613 1099 advenam,
635 1051 711 1100 laqueo,

272 1104 376 1149 iucunda,
386 1106 464 1152 captat,
474 1102 568 1151 pramis.

171 1154 224 1201 Quis
232 1166 275 1193 non
283 1154 394 1200 malarum,
402 1164 455 1202 quas
464 1163 522 1191 amor
530 1163 591 1192 curas
597 1152 668 1198 haber,

271 1204 325 1243 Haeo
333 1205 389 1243 inter
397 1203 542 1243 obliviscitur?

172 1256 252 1303 Quodsi
260 1255 339 1304 pudica
348 1254 426 1293 mulier
434 1255 456 1293 in
464 1256 546 1302 partem
551 1253 614 1302 iuret

273 1306 365 1344 Domum
373 1309 437 1353 atque
445 1303 518 1352 dulces
526 1303 612 1350 liberos,

172 1357 251 1396 Sabina
259 1356 383 1405 qualiaaut
389 1359 475 1404 perusta
483 1354 563 1393 solibus

274 1406 366 1445 Persicis
374 1417 427 1445 uxor
437 1404 522 1454 Appuli‚

172 1457 260 1496 Sacrum
268 1461 289 1494 et
297 1457 385 1495 vetustis
393 1459 488 1495 exstruat
495 1455 558 1503 lignis
566 1454 645 1501 iocum,

273 1507 332 1545 Lassi
340 1508 380 1546 sub
389 1507 504 1545 adventum
512 1506 561 1550 viri;

173 1557 319 1606 claudensque
327 1558 391 1596 textis
399 1557 492 1596 cratibus
500 1555 575 1595 laetum
583 1567 654 1606 pecus,

273 1608 371 1646 Distenta
379 1609 443 1647 siccet
451 1608 529 1651 ubera;

174 1658 201 1697 Et
208 1658 275 1697 horna
283 1657 341 1697 dulci
348 1659 399 1697 vina
407 1669 506 1707 promens
514 1657 577 1703 dolio,

273 1709 343 1757 Dapes
351 1708 442 1747 inemtas
450 1713 548 1758 apparet;

174 1759 222 1798 Non
230 1769 264 1798 me
276 1759 367 1798 Lucrina
373 1759 468 1806 juverint
477 1757 595 1807 conchylia.

274 1810 368 1857 Magisve
376 1809 484 1853 rhombus.
495 1813 533 1847 aut
541 1809 600 1855 scari,

173 1860 195 1898 Si
204 1871 256 1909 quos
266 1859 315 1898 Eois
324 1859 421 1897 intonata
429 1859 530 1898 fluctibus

273 1909 347 1948 Hiems
356 1909 432 1948 adhoc
439 1914 508 1948 vertat
516 1918 586 1953 mare3

174 1958 222 1998 Non
231 1959 283 1997 Afra
291 1960 335 1998 avis
342 1960 457 1998 descendat
464 1960 487 1997 in
495 1963 591 1998 ventrem
597 1970 673 2002 meum.

274 2010 322 2048 Non
331 2021 344 2047 a
402 2021 416 2048 n
426 2010 512 2048 lonicus

172 2057 295 2104 Iucundion
305 2070 370 2106 quam
387 2063 434 2098 ecta
442 2060 469 2098 de
476 2059 622 2108 pinguissimis

274 2108 334 2147 Oliva
342 2111 406 2148 ramis
414 2111 520 2155 arborum,

173 2157 217 2194 Aut
224 2157 291 2196 herba
299 2158 381 2207 lapathi
388 2164 450 2208 prata
458 2160 558 2207 amantis,
567 2165 590 2200 et
598 2164 654 2211 graii

274 2208 352 2247 Malvae
360 2209 456 2248 salubres
464 2211 555 2258 corpori,

173 2255 213 2293 l'el
221 2266 276 2305 agna
284 2257 343 2296 festis
350 2270 406 2297 cassa
414 2260 577 2306 Terminalibus,

274 2306 314 2345 Vel
321 2307 397 2348 haedus
405 2313 490 2358 ereptus
498 2309 551 2359 lupo
