<?xml version="1.0" encoding="UTF-8"?>
<!DOCTYPE html PUBLIC "-//W3C//DTD XHTML 1.0 Transitional//EN"
    "http://www.w3.org/TR/xhtml1/DTD/xhtml1-transitional.dtd">
<html xmlns="http://www.w3.org/1999/xhtml" xml:lang="en" lang="en">
 <head>
  <title>
</title>
<meta http-equiv="Content-Type" content="text/html;charset=utf-8" />
  <meta name='ocr-system' content='tesseract 3.04.00' />
  <meta name='ocr-capabilities' content='ocr_page ocr_carea ocr_par ocr_line ocrx_word'/>
</head>
<body>
  <div class='ocr_page' id='page_1' title='image "./opera04horagoog_0175.png"; bbox 0 0 1520 2572; ppageno 0'>
   <div class='ocr_carea' id='block_1_1' title="bbox 102 161 540 204">
    <p class='ocr_par' dir='ltr' id='par_1_1' title="bbox 102 161 540 204">
     <span class='ocr_line' id='line_1_1' title="bbox 102 161 540 204; baseline -0.009 0"><span class='ocrx_word' id='word_1_1' title='bbox 102 166 138 204; x_wconf 78' lang='lat' dir='ltr'><strong>its</strong></span> <span class='ocrx_word' id='word_1_2' title='bbox 265 162 290 204; x_wconf 71' lang='lat'><strong>0„</strong></span> <span class='ocrx_word' id='word_1_3' title='bbox 304 161 427 203; x_wconf 70' lang='lat' dir='ltr'><strong>nonnuli</strong></span> <span class='ocrx_word' id='word_1_4' title='bbox 441 161 540 201; x_wconf 79' lang='lat' dir='ltr'><strong>FLACCI</strong></span> 
     </span>
    </p>
   </div>
   <div class='ocr_carea' id='block_1_2' title="bbox 66 276 753 1282">
    <p class='ocr_par' dir='ltr' id='par_1_2' title="bbox 102 276 652 479">
     <span class='ocr_line' id='line_1_2' title="bbox 103 276 564 324; baseline -0.011 -6"><span class='ocrx_word' id='word_1_5' title='bbox 103 279 164 318; x_wconf 89' lang='lat' dir='ltr'><strong>Unus</strong></span> <span class='ocrx_word' id='word_1_6' title='bbox 172 278 273 322; x_wconf 81' lang='lat' dir='ltr'><strong>vivorum.</strong></span> <span class='ocrx_word' id='word_1_7' title='bbox 286 277 394 322; x_wconf 59' lang='lat' dir='ltr'><strong>annuns</strong></span> <span class='ocrx_word' id='word_1_8' title='bbox 414 276 481 315; x_wconf 87' lang='lat' dir='ltr'><strong>Pollio</strong></span> <span class='ocrx_word' id='word_1_9' title='bbox 490 287 564 324; x_wconf 75' lang='lat' dir='ltr'><strong>regum</strong></span> 
     </span>
     <span class='ocr_line' id='line_1_3' title="bbox 102 327 652 377; baseline -0.009 -8"><span class='ocrx_word' id='word_1_10' title='bbox 102 330 168 369; x_wconf 85' lang='lat' dir='ltr'><strong>Facta</strong></span> <span class='ocrx_word' id='word_1_11' title='bbox 175 330 239 375; x_wconf 81' lang='lat' dir='ltr'><strong>canit,</strong></span> <span class='ocrx_word' id='word_1_12' title='bbox 248 329 302 377; x_wconf 86' lang='lat' dir='ltr'><strong>pede</strong></span> <span class='ocrx_word' id='word_1_13' title='bbox 310 333 343 367; x_wconf 83' lang='lat' dir='ltr'><strong>ter</strong></span> <span class='ocrx_word' id='word_1_14' title='bbox 349 339 459 377; x_wconf 67' lang='lat' dir='ltr'><strong>percaram</strong></span> <span class='ocrx_word' id='word_1_15' title='bbox 473 327 527 365; x_wconf 78' lang='lat' dir='ltr'><strong>forte</strong></span> <span class='ocrx_word' id='word_1_16' title='bbox 535 336 586 375; x_wconf 84' lang='lat' dir='ltr'><strong>apos</strong></span> <span class='ocrx_word' id='word_1_17' title='bbox 595 336 652 373; x_wconf 85' lang='lat' dir='ltr'><strong>acer,</strong></span> 
     </span>
     <span class='ocr_line' id='line_1_4' title="bbox 103 375 633 426; baseline -0.008 -8"><span class='ocrx_word' id='word_1_18' title='bbox 103 380 132 419; x_wconf 91' lang='lat' dir='ltr'><strong>Ut</strong></span> <span class='ocrx_word' id='word_1_19' title='bbox 141 390 209 424; x_wconf 87' lang='lat' dir='ltr'><strong>nemo,</strong></span> <span class='ocrx_word' id='word_1_20' title='bbox 221 379 295 417; x_wconf 88' lang='lat' dir='ltr'><strong>Varius</strong></span> <span class='ocrx_word' id='word_1_21' title='bbox 304 379 372 423; x_wconf 90' lang='lat' dir='ltr'><strong>ducit;</strong></span> <span class='ocrx_word' id='word_1_22' title='bbox 391 378 455 416; x_wconf 89' lang='lat' dir='ltr'><strong>molle</strong></span> <span class='ocrx_word' id='word_1_23' title='bbox 465 381 528 426; x_wconf 77' lang='lat' dir='ltr'><strong>atqua</strong></span> <span class='ocrx_word' id='word_1_24' title='bbox 536 375 633 415; x_wconf 76' lang='lat' dir='ltr'><strong>facetum</strong></span> 
     </span>
     <span class='ocr_line' id='line_1_5' title="bbox 103 427 626 479; baseline -0.004 -12"><span class='ocrx_word' id='word_1_25' title='bbox 103 429 192 479; x_wconf 78' lang='lat' dir='ltr'><strong>Virgilio</strong></span> <span class='ocrx_word' id='word_1_26' title='bbox 200 434 321 468; x_wconf 84' lang='lat' dir='ltr'><strong>annuerunt</strong></span> <span class='ocrx_word' id='word_1_27' title='bbox 328 429 444 477; x_wconf 75' lang='lat' dir='ltr'><strong>gaudentes</strong></span> <span class='ocrx_word' id='word_1_28' title='bbox 452 439 500 466; x_wconf 87' lang='lat' dir='ltr'><strong>rure</strong></span> <span class='ocrx_word' id='word_1_29' title='bbox 508 427 626 466; x_wconf 76' lang='lat' dir='ltr'><strong>Camoenae.</strong></span> 
     </span>
    </p>

    <p class='ocr_par' dir='ltr' id='par_1_3' title="bbox 66 478 753 1282">
     <span class='ocr_line' id='line_1_6' title="bbox 66 478 596 537; baseline -0.008 -18"><span class='ocrx_word' id='word_1_30' title='bbox 66 520 76 537; x_wconf 44' lang='lat'>⁵</span> <span class='ocrx_word' id='word_1_31' title='bbox 104 480 151 519; x_wconf 86' lang='lat' dir='ltr'><strong>Hoc</strong></span> <span class='ocrx_word' id='word_1_32' title='bbox 159 484 210 525; x_wconf 87' lang='lat' dir='ltr'><strong>erat,</strong></span> <span class='ocrx_word' id='word_1_33' title='bbox 221 485 309 529; x_wconf 86' lang='lat' dir='ltr'><strong>experto</strong></span> <span class='ocrx_word' id='word_1_34' title='bbox 316 479 394 519; x_wconf 83' lang='lat' dir='ltr'><strong>frustra</strong></span> <span class='ocrx_word' id='word_1_35' title='bbox 402 478 495 517; x_wconf 83' lang='lat' dir='ltr'><strong>Varrone</strong></span> <span class='ocrx_word' id='word_1_36' title='bbox 505 478 596 516; x_wconf 74' lang='lat' dir='ltr'><strong>amcino</strong></span> 
     </span>
     <span class='ocr_line' id='line_1_7' title="bbox 104 528 704 580; baseline -0.005 -11"><span class='ocrx_word' id='word_1_37' title='bbox 104 532 174 580; x_wconf 80' lang='lat' dir='ltr'>Atque</span> <span class='ocrx_word' id='word_1_38' title='bbox 179 530 307 578; x_wconf 86' lang='lat' dir='ltr'><strong>quibusdam</strong></span> <span class='ocrx_word' id='word_1_39' title='bbox 314 530 361 569; x_wconf 91' lang='lat' dir='ltr'><strong>aliis</strong></span> <span class='ocrx_word' id='word_1_40' title='bbox 367 529 443 569; x_wconf 88' lang='lat' dir='ltr'><strong>melius</strong></span> <span class='ocrx_word' id='word_1_41' title='bbox 464 529 507 567; x_wconf 90' lang='lat' dir='ltr'><strong>uod</strong></span> <span class='ocrx_word' id='word_1_42' title='bbox 513 528 605 566; x_wconf 86' lang='lat' dir='ltr'><strong>scribere</strong></span> <span class='ocrx_word' id='word_1_43' title='bbox 612 539 704 576; x_wconf 81' lang='lat' dir='ltr'><strong>possem,</strong></span> 
     </span>
     <span class='ocr_line' id='line_1_8' title="bbox 104 540 753 629; baseline -0.006 -10"><span class='ocrx_word' id='word_1_44' title='bbox 104 581 216 620; x_wconf 82' lang='lat' dir='ltr'><strong>inventore</strong></span> <span class='ocrx_word' id='word_1_45' title='bbox 224 580 304 619; x_wconf 89' lang='lat' dir='ltr'><strong>minor:</strong></span> <span class='ocrx_word' id='word_1_46' title='bbox 316 592 386 629; x_wconf 82' lang='lat' dir='ltr'><strong>noque</strong></span> <span class='ocrx_word' id='word_1_47' title='bbox 394 591 433 627; x_wconf 76' lang='lat' dir='ltr'><strong>ego</strong></span> <span class='ocrx_word' id='word_1_48' title='bbox 440 540 473 618; x_wconf 60' lang='lat' dir='ltr'><strong>issi</strong></span> <span class='ocrx_word' id='word_1_49' title='bbox 481 578 592 617; x_wconf 77' lang='lat' dir='ltr'>detrahere</span> <span class='ocrx_word' id='word_1_50' title='bbox 601 579 671 617; x_wconf 85' lang='lat' dir='ltr'><strong>ausim</strong></span> <span class='ocrx_word' id='word_1_51' title='bbox 752 582 753 609; x_wconf 76' lang='lat' dir='ltr'><strong>i</strong></span> 
     </span>
     <span class='ocr_line' id='line_1_9' title="bbox 104 629 622 680; baseline -0.008 -11"><span class='ocrx_word' id='word_1_52' title='bbox 104 631 227 670; x_wconf 66' lang='lat' dir='ltr'><strong>Haerentem</strong></span> <span class='ocrx_word' id='word_1_53' title='bbox 235 632 300 680; x_wconf 87' lang='lat' dir='ltr'><strong>capiti</strong></span> <span class='ocrx_word' id='word_1_54' title='bbox 307 631 376 670; x_wconf 85' lang='lat' dir='ltr'><strong>multa</strong></span> <span class='ocrx_word' id='word_1_55' title='bbox 384 641 433 669; x_wconf 90' lang='lat' dir='ltr'><strong>cum</strong></span> <span class='ocrx_word' id='word_1_56' title='bbox 441 629 505 668; x_wconf 78' lang='lat' dir='ltr'><strong>laude</strong></span> <span class='ocrx_word' id='word_1_57' title='bbox 513 639 622 667; x_wconf 89' lang='lat' dir='ltr'><strong>coronam.</strong></span> 
     </span>
     <span class='ocr_line' id='line_1_10' title="bbox 104 679 753 755; baseline -0.006 -35"><span class='ocrx_word' id='word_1_58' title='bbox 104 682 133 720; x_wconf 80' lang='lat' dir='ltr'><strong>At</strong></span> <span class='ocrx_word' id='word_1_59' title='bbox 140 681 192 726; x_wconf 81' lang='lat' dir='ltr'><strong>dixi,</strong></span> <span class='ocrx_word' id='word_1_60' title='bbox 199 682 265 720; x_wconf 82' lang='lat' dir='ltr'><strong>fluere</strong></span> <span class='ocrx_word' id='word_1_61' title='bbox 272 681 330 721; x_wconf 88' lang='lat' dir='ltr'><strong>hunc</strong></span> <span class='ocrx_word' id='word_1_62' title='bbox 338 681 475 726; x_wconf 73' lang='lat' dir='ltr'><strong>lutulentum</strong></span> <span class='ocrx_word' id='word_1_63' title='bbox 484 690 541 728; x_wconf 78' lang='lat' dir='ltr'><strong>saepe</strong></span> <span class='ocrx_word' id='word_1_64' title='bbox 549 679 655 717; x_wconf 80' lang='lat' dir='ltr'><strong>ferentem</strong></span> <span class='ocrx_word' id='word_1_65' title='bbox 680 680 706 717; x_wconf 80' lang='grc'><strong>50</strong></span> <span class='ocrx_word' id='word_1_66' title='bbox 752 694 753 755; x_wconf 37' lang='lat' dir='ltr'><strong>p</strong></span> 
     </span>
     <span class='ocr_line' id='line_1_11' title="bbox 104 730 685 780; baseline -0.005 -9"><span class='ocrx_word' id='word_1_67' title='bbox 104 732 168 771; x_wconf 86' lang='lat' dir='ltr'><strong>Plura</strong></span> <span class='ocrx_word' id='word_1_68' title='bbox 176 732 263 780; x_wconf 87' lang='lat' dir='ltr'><strong>quidem</strong></span> <span class='ocrx_word' id='word_1_69' title='bbox 271 732 365 771; x_wconf 85' lang='lat' dir='ltr'><strong>tollenda</strong></span> <span class='ocrx_word' id='word_1_70' title='bbox 372 731 523 779; x_wconf 74' lang='lat' dir='ltr'>relinquendis.</span> <span class='ocrx_word' id='word_1_71' title='bbox 550 730 595 777; x_wconf 72' lang='lat' dir='ltr'><strong>nge</strong></span> <span class='ocrx_word' id='word_1_72' title='bbox 604 740 685 777; x_wconf 67' lang='lat' dir='ltr'><strong>quaeso,</strong></span> 
     </span>
     <span class='ocr_line' id='line_1_12' title="bbox 104 762 753 851; baseline -0.006 -30"><span class='ocrx_word' id='word_1_73' title='bbox 104 783 137 822; x_wconf 85' lang='lat' dir='ltr'><strong>Tu</strong></span> <span class='ocrx_word' id='word_1_74' title='bbox 146 782 230 821; x_wconf 89' lang='lat' dir='ltr'><strong>nihilin</strong></span> <span class='ocrx_word' id='word_1_75' title='bbox 240 794 317 831; x_wconf 76' lang='lat' dir='ltr'><strong>magno</strong></span> <span class='ocrx_word' id='word_1_76' title='bbox 326 783 400 821; x_wconf 86' lang='lat' dir='ltr'><strong>doctus</strong></span> <span class='ocrx_word' id='word_1_77' title='bbox 407 781 516 831; x_wconf 67' lang='lat' dir='ltr'><strong>reprendis</strong></span> <span class='ocrx_word' id='word_1_78' title='bbox 524 779 634 819; x_wconf 83' lang='lat' dir='ltr'><strong>Homerol</strong></span> <span class='ocrx_word' id='word_1_79' title='bbox 752 762 753 851; x_wconf 36' lang='grc'>1</span> 
     </span>
     <span class='ocr_line' id='line_1_13' title="bbox 105 830 753 881; baseline -0.003 -10"><span class='ocrx_word' id='word_1_80' title='bbox 105 833 142 871; x_wconf 84' lang='lat' dir='ltr'><strong>Nil</strong></span> <span class='ocrx_word' id='word_1_81' title='bbox 150 833 215 872; x_wconf 88' lang='lat' dir='ltr'><strong>comis</strong></span> <span class='ocrx_word' id='word_1_82' title='bbox 225 833 298 881; x_wconf 76' lang='lat' dir='ltr'><strong>tragici</strong></span> <span class='ocrx_word' id='word_1_83' title='bbox 306 837 376 871; x_wconf 81' lang='lat' dir='ltr'><strong>mutat</strong></span> <span class='ocrx_word' id='word_1_84' title='bbox 384 831 478 871; x_wconf 86' lang='lat' dir='ltr'><strong>Lucilius</strong></span> <span class='ocrx_word' id='word_1_85' title='bbox 488 830 552 869; x_wconf 79' lang='lat' dir='ltr'><strong>Accii</strong></span> <span class='ocrx_word' id='word_1_86' title='bbox 752 862 753 869; x_wconf 69' lang='grc'>,</span> 
     </span>
     <span class='ocr_line' id='line_1_14' title="bbox 106 882 580 931; baseline -0.011 -8"><span class='ocrx_word' id='word_1_87' title='bbox 106 883 154 922; x_wconf 88' lang='lat' dir='ltr'><strong>Non</strong></span> <span class='ocrx_word' id='word_1_88' title='bbox 161 884 216 923; x_wconf 86' lang='lat' dir='ltr'><strong>ridet</strong></span> <span class='ocrx_word' id='word_1_89' title='bbox 221 895 294 922; x_wconf 81' lang='lat' dir='ltr'><strong>versus</strong></span> <span class='ocrx_word' id='word_1_90' title='bbox 306 883 363 922; x_wconf 86' lang='lat' dir='ltr'><strong>Enni</strong></span> <span class='ocrx_word' id='word_1_91' title='bbox 371 883 473 931; x_wconf 74' lang='lat' dir='ltr'><strong>gravitate</strong></span> <span class='ocrx_word' id='word_1_92' title='bbox 481 882 580 923; x_wconf 84' lang='lat' dir='ltr'><strong>minores.</strong></span> 
     </span>
     <span class='ocr_line' id='line_1_15' title="bbox 105 930 649 982; baseline -0.006 -10"><span class='ocrx_word' id='word_1_93' title='bbox 105 934 177 980; x_wconf 84' lang='lat' dir='ltr'><strong>Quum</strong></span> <span class='ocrx_word' id='word_1_94' title='bbox 184 935 211 973; x_wconf 84' lang='lat' dir='ltr'><strong>de</strong></span> <span class='ocrx_word' id='word_1_95' title='bbox 219 946 241 974; x_wconf 83' lang='lat' dir='ltr'><strong>sa</strong></span> <span class='ocrx_word' id='word_1_96' title='bbox 249 934 349 982; x_wconf 84' lang='lat' dir='ltr'><strong>loquitur,</strong></span> <span class='ocrx_word' id='word_1_97' title='bbox 358 945 401 972; x_wconf 89' lang='lat' dir='ltr'><strong>non</strong></span> <span class='ocrx_word' id='word_1_98' title='bbox 409 937 435 970; x_wconf 90' lang='lat' dir='ltr'><strong>ut</strong></span> <span class='ocrx_word' id='word_1_99' title='bbox 440 933 520 981; x_wconf 73' lang='lat' dir='ltr'><strong>maiore</strong></span> <span class='ocrx_word' id='word_1_100' title='bbox 531 930 649 980; x_wconf 66' lang='lat' dir='ltr'><strong>reprimisi</strong></span> 
     </span>
     <span class='ocr_line' id='line_1_16' title="bbox 105 982 621 1031; baseline -0.01 -7"><span class='ocrx_word' id='word_1_101' title='bbox 105 985 162 1030; x_wconf 81' lang='lat' dir='ltr'><strong>Quid</strong></span> <span class='ocrx_word' id='word_1_102' title='bbox 169 989 228 1023; x_wconf 87' lang='lat' dir='ltr'><strong>vetat</strong></span> <span class='ocrx_word' id='word_1_103' title='bbox 235 989 258 1023; x_wconf 89' lang='lat' dir='ltr'><strong>et</strong></span> <span class='ocrx_word' id='word_1_104' title='bbox 265 988 349 1023; x_wconf 79' lang='lat' dir='ltr'><strong>nosmet</strong></span> <span class='ocrx_word' id='word_1_105' title='bbox 356 982 425 1023; x_wconf 85' lang='lat' dir='ltr'><strong>Lucili</strong></span> <span class='ocrx_word' id='word_1_106' title='bbox 433 984 512 1031; x_wconf 88' lang='lat' dir='ltr'><strong>scripta</strong></span> <span class='ocrx_word' id='word_1_107' title='bbox 518 982 621 1030; x_wconf 79' lang='lat' dir='ltr'><strong>legentes.</strong></span> 
     </span>
     <span class='ocr_line' id='line_1_17' title="bbox 105 1032 644 1080; baseline -0.009 -6"><span class='ocrx_word' id='word_1_108' title='bbox 105 1035 211 1080; x_wconf 77' lang='lat' dir='ltr'><strong>Quaerere,</strong></span> <span class='ocrx_word' id='word_1_109' title='bbox 220 1046 272 1074; x_wconf 89' lang='lat' dir='ltr'><strong>num</strong></span> <span class='ocrx_word' id='word_1_110' title='bbox 280 1034 345 1080; x_wconf 89' lang='lat' dir='ltr'><strong>illius,</strong></span> <span class='ocrx_word' id='word_1_111' title='bbox 359 1045 412 1073; x_wconf 91' lang='lat' dir='ltr'><strong>num</strong></span> <span class='ocrx_word' id='word_1_112' title='bbox 419 1044 489 1072; x_wconf 89' lang='lat' dir='ltr'><strong>rerum</strong></span> <span class='ocrx_word' id='word_1_113' title='bbox 498 1033 552 1072; x_wconf 85' lang='lat' dir='ltr'><strong>dura</strong></span> <span class='ocrx_word' id='word_1_114' title='bbox 559 1032 644 1080; x_wconf 74' lang='lat' dir='ltr'><strong>negarit</strong></span> 
     </span>
     <span class='ocr_line' id='line_1_18' title="bbox 106 1084 583 1132; baseline -0.004 -9"><span class='ocrx_word' id='word_1_115' title='bbox 106 1085 226 1125; x_wconf 86' lang='lat' dir='ltr'><strong>Versiculos</strong></span> <span class='ocrx_word' id='word_1_116' title='bbox 238 1089 315 1124; x_wconf 78' lang='lat' dir='ltr'><strong>natura</strong></span> <span class='ocrx_word' id='word_1_117' title='bbox 322 1086 389 1132; x_wconf 77' lang='lat' dir='ltr'><strong>magis</strong></span> <span class='ocrx_word' id='word_1_118' title='bbox 398 1084 466 1122; x_wconf 86' lang='lat' dir='ltr'><strong>factos</strong></span> <span class='ocrx_word' id='word_1_119' title='bbox 474 1088 496 1122; x_wconf 90' lang='lat' dir='ltr'><strong>et</strong></span> <span class='ocrx_word' id='word_1_120' title='bbox 508 1086 583 1122; x_wconf 84' lang='lat' dir='ltr'><strong>euntes</strong></span> 
     </span>
     <span class='ocr_line' id='line_1_19' title="bbox 106 1132 672 1185; baseline -0.009 -11"><span class='ocrx_word' id='word_1_121' title='bbox 106 1136 200 1182; x_wconf 79' lang='lat' dir='ltr'><strong>Munius,</strong></span> <span class='ocrx_word' id='word_1_122' title='bbox 210 1147 235 1175; x_wconf 88' lang='lat' dir='ltr'><strong>ac</strong></span> <span class='ocrx_word' id='word_1_123' title='bbox 244 1137 262 1175; x_wconf 84' lang='lat' dir='ltr'><strong>si</strong></span> <span class='ocrx_word' id='word_1_124' title='bbox 268 1136 322 1185; x_wconf 81' lang='lat' dir='ltr'><strong>quis.</strong></span> <span class='ocrx_word' id='word_1_125' title='bbox 332 1135 430 1184; x_wconf 83' lang='lat' dir='ltr'><strong>(pedibus</strong></span> <span class='ocrx_word' id='word_1_126' title='bbox 440 1134 492 1183; x_wconf 88' lang='lat' dir='ltr'><strong>quid</strong></span> <span class='ocrx_word' id='word_1_127' title='bbox 500 1132 599 1172; x_wconf 73' lang='lat' dir='ltr'><strong>claudere</strong></span> <span class='ocrx_word' id='word_1_128' title='bbox 608 1132 672 1177; x_wconf 82' lang='lat' dir='ltr'><strong>senis,</strong></span> 
     </span>
     <span class='ocr_line' id='line_1_20' title="bbox 106 1183 705 1233; baseline -0.008 -8"><span class='ocrx_word' id='word_1_129' title='bbox 106 1185 153 1225; x_wconf 86' lang='lat' dir='ltr'><strong>Hoc</strong></span> <span class='ocrx_word' id='word_1_130' title='bbox 159 1191 243 1225; x_wconf 85' lang='lat' dir='ltr'><strong>tantum</strong></span> <span class='ocrx_word' id='word_1_131' title='bbox 251 1186 380 1233; x_wconf 77' lang='lat' dir='ltr'><strong>contentus)</strong></span> <span class='ocrx_word' id='word_1_132' title='bbox 388 1189 445 1223; x_wconf 80' lang='lat' dir='ltr'><strong>amet</strong></span> <span class='ocrx_word' id='word_1_133' title='bbox 453 1184 560 1233; x_wconf 74' lang='lat' dir='ltr'><strong>scripsisse</strong></span> <span class='ocrx_word' id='word_1_134' title='bbox 569 1183 675 1222; x_wconf 86' lang='lat' dir='ltr'><strong>ducentos</strong></span> <span class='ocrx_word' id='word_1_135' title='bbox 681 1184 705 1220; x_wconf 82' lang='lat'><strong>6⁰</strong></span> 
     </span>
     <span class='ocr_line' id='line_1_21' title="bbox 108 1233 657 1282; baseline -0.009 -6"><span class='ocrx_word' id='word_1_136' title='bbox 108 1238 163 1276; x_wconf 77' lang='lat' dir='ltr'><strong>Ante</strong></span> <span class='ocrx_word' id='word_1_137' title='bbox 171 1237 243 1276; x_wconf 89' lang='lat' dir='ltr'><strong>cibum</strong></span> <span class='ocrx_word' id='word_1_138' title='bbox 251 1247 329 1282; x_wconf 80' lang='lat' dir='ltr'><strong>vorsus,</strong></span> <span class='ocrx_word' id='word_1_139' title='bbox 338 1236 427 1275; x_wconf 87' lang='lat' dir='ltr'><strong>totidem</strong></span> <span class='ocrx_word' id='word_1_140' title='bbox 435 1235 545 1274; x_wconf 88' lang='lat' dir='ltr'><strong>coenatusi</strong></span> <span class='ocrx_word' id='word_1_141' title='bbox 573 1233 657 1272; x_wconf 85' lang='lat' dir='ltr'><strong>Etrusci</strong></span> 
     </span>
    </p>
   </div>
   <div class='ocr_carea' id='block_1_3' title="bbox 108 1284 650 1387">
    <p class='ocr_par' dir='ltr' id='par_1_4' title="bbox 108 1284 650 1387">
     <span class='ocr_line' id='line_1_22' title="bbox 108 1284 566 1335; baseline -0.011 -8"><span class='ocrx_word' id='word_1_142' title='bbox 108 1287 176 1328; x_wconf 73' lang='lat' dir='ltr'><strong>Quale</strong></span> <span class='ocrx_word' id='word_1_143' title='bbox 184 1287 225 1326; x_wconf 86' lang='lat' dir='ltr'><strong>fuit</strong></span> <span class='ocrx_word' id='word_1_144' title='bbox 234 1287 291 1326; x_wconf 83' lang='lat' dir='ltr'><strong>cassi</strong></span> <span class='ocrx_word' id='word_1_145' title='bbox 299 1287 373 1335; x_wconf 87' lang='lat' dir='ltr'><strong>rapido</strong></span> <span class='ocrx_word' id='word_1_146' title='bbox 384 1286 499 1325; x_wconf 80' lang='lat' dir='ltr'><strong>ferventius</strong></span> <span class='ocrx_word' id='word_1_147' title='bbox 507 1284 566 1323; x_wconf 86' lang='lat' dir='ltr'><strong>amni</strong></span> 
     </span>
     <span class='ocr_line' id='line_1_23' title="bbox 108 1333 650 1387; baseline -0.007 -11"><span class='ocrx_word' id='word_1_148' title='bbox 108 1337 228 1385; x_wconf 80' lang='lat' dir='ltr'><strong>Ingenium,</strong></span> <span class='ocrx_word' id='word_1_149' title='bbox 237 1337 305 1387; x_wconf 78' lang='lat' dir='ltr'><strong>capsis</strong></span> <span class='ocrx_word' id='word_1_150' title='bbox 313 1348 377 1384; x_wconf 87' lang='lat' dir='ltr'><strong>quem</strong></span> <span class='ocrx_word' id='word_1_151' title='bbox 385 1337 443 1375; x_wconf 79' lang='lat' dir='ltr'><strong>fama</strong></span> <span class='ocrx_word' id='word_1_152' title='bbox 451 1340 483 1375; x_wconf 89' lang='lat' dir='ltr'><strong>est</strong></span> <span class='ocrx_word' id='word_1_153' title='bbox 492 1346 537 1375; x_wconf 83' lang='lat' dir='ltr'><strong>esso</strong></span> <span class='ocrx_word' id='word_1_154' title='bbox 545 1333 650 1381; x_wconf 79' lang='lat' dir='ltr'><strong>librisque</strong></span> 
     </span>
    </p>
   </div>
   <div class='ocr_carea' id='block_1_4' title="bbox 110 1385 754 2241">
    <p class='ocr_par' dir='ltr' id='par_1_5' title="bbox 110 1385 657 1436">
     <span class='ocr_line' id='line_1_24' title="bbox 110 1385 657 1436; baseline -0.007 -10"><span class='ocrx_word' id='word_1_155' title='bbox 110 1388 237 1427; x_wconf 80' lang='lat' dir='ltr'><strong>Ambustum</strong></span> <span class='ocrx_word' id='word_1_156' title='bbox 261 1388 341 1436; x_wconf 86' lang='lat' dir='ltr'><strong>ropriis.</strong></span> <span class='ocrx_word' id='word_1_157' title='bbox 369 1387 441 1426; x_wconf 80' lang='lat' dir='ltr'><strong>Fuerit</strong></span> <span class='ocrx_word' id='word_1_158' title='bbox 449 1386 550 1431; x_wconf 86' lang='lat' dir='ltr'><strong>Lucilius,</strong></span> <span class='ocrx_word' id='word_1_159' title='bbox 560 1385 657 1433; x_wconf 79' lang='lat' dir='ltr'><strong>inquam,</strong></span> 
     </span>
    </p>

    <p class='ocr_par' dir='ltr' id='par_1_6' title="bbox 110 1399 576 1483">
     <span class='ocr_line' id='line_1_25' title="bbox 110 1399 576 1483; baseline -0.009 -6"><span class='ocrx_word' id='word_1_160' title='bbox 110 1438 179 1477; x_wconf 76' lang='lat' dir='ltr'><strong>(lomis</strong></span> <span class='ocrx_word' id='word_1_161' title='bbox 192 1443 214 1477; x_wconf 84' lang='lat' dir='ltr'><strong>et</strong></span> <span class='ocrx_word' id='word_1_162' title='bbox 221 1399 327 1483; x_wconf 48' lang='lat' dir='ltr'><strong>urbanum</strong></span> <span class='ocrx_word' id='word_1_163' title='bbox 341 1437 407 1476; x_wconf 85' lang='lat' dir='ltr'><strong>fucrit</strong></span> <span class='ocrx_word' id='word_1_164' title='bbox 412 1437 504 1475; x_wconf 83' lang='lat' dir='ltr'><strong>limatior</strong></span> <span class='ocrx_word' id='word_1_165' title='bbox 512 1436 576 1480; x_wconf 84' lang='lat' dir='ltr'><strong>idem,</strong></span> 
     </span>
    </p>

    <p class='ocr_par' dir='ltr' id='par_1_7' title="bbox 110 1486 645 1534">
     <span class='ocr_line' id='line_1_26' title="bbox 110 1486 645 1534; baseline -0.007 -7"><span class='ocrx_word' id='word_1_166' title='bbox 110 1489 179 1534; x_wconf 81' lang='lat' dir='ltr'><strong>Quam</strong></span> <span class='ocrx_word' id='word_1_167' title='bbox 188 1489 246 1527; x_wconf 89' lang='lat' dir='ltr'><strong>rudis</strong></span> <span class='ocrx_word' id='word_1_168' title='bbox 254 1493 276 1527; x_wconf 93' lang='lat' dir='ltr'><strong>et</strong></span> <span class='ocrx_word' id='word_1_169' title='bbox 285 1489 364 1527; x_wconf 74' lang='lat' dir='ltr'><strong>Graecis</strong></span> <span class='ocrx_word' id='word_1_170' title='bbox 373 1488 448 1526; x_wconf 80' lang='lat' dir='ltr'><strong>intacti</strong></span> <span class='ocrx_word' id='word_1_171' title='bbox 456 1486 556 1526; x_wconf 77' lang='lat' dir='ltr'><strong>carminis</strong></span> <span class='ocrx_word' id='word_1_172' title='bbox 564 1487 645 1530; x_wconf 85' lang='lat' dir='ltr'><strong>auctor,</strong></span> 
     </span>
    </p>

    <p class='ocr_par' dir='ltr' id='par_1_8' title="bbox 110 1534 641 1588">
     <span class='ocr_line' id='line_1_27' title="bbox 110 1534 641 1588; baseline -0.008 -10"><span class='ocrx_word' id='word_1_173' title='bbox 110 1539 222 1588; x_wconf 82' lang='lat' dir='ltr'><strong>Quamque</strong></span> <span class='ocrx_word' id='word_1_174' title='bbox 230 1542 340 1587; x_wconf 84' lang='lat' dir='ltr'><strong>poctarum</strong></span> <span class='ocrx_word' id='word_1_175' title='bbox 348 1539 454 1577; x_wconf 87' lang='lat' dir='ltr'><strong>seniorum</strong></span> <span class='ocrx_word' id='word_1_176' title='bbox 462 1539 535 1581; x_wconf 83' lang='lat' dir='ltr'><strong>turba;</strong></span> <span class='ocrx_word' id='word_1_177' title='bbox 549 1537 587 1574; x_wconf 89' lang='lat' dir='ltr'><strong>sed</strong></span> <span class='ocrx_word' id='word_1_178' title='bbox 594 1534 641 1581; x_wconf 83' lang='lat' dir='ltr'><strong>ille.</strong></span> 
     </span>
    </p>

    <p class='ocr_par' dir='ltr' id='par_1_9' title="bbox 110 1588 604 1631">
     <span class='ocr_line' id='line_1_28' title="bbox 110 1588 604 1631; baseline -0.006 -3"><span class='ocrx_word' id='word_1_179' title='bbox 110 1590 132 1628; x_wconf 82' lang='lat' dir='ltr'><strong>Si</strong></span> <span class='ocrx_word' id='word_1_180' title='bbox 139 1590 195 1628; x_wconf 79' lang='lat' dir='ltr'><strong>toret</strong></span> <span class='ocrx_word' id='word_1_181' title='bbox 201 1589 242 1628; x_wconf 91' lang='lat' dir='ltr'><strong>hoc</strong></span> <span class='ocrx_word' id='word_1_182' title='bbox 250 1594 345 1628; x_wconf 87' lang='lat' dir='ltr'><strong>nostrum</strong></span> <span class='ocrx_word' id='word_1_183' title='bbox 352 1589 397 1627; x_wconf 78' lang='lat' dir='ltr'><strong>sato</strong></span> <span class='ocrx_word' id='word_1_184' title='bbox 405 1588 488 1627; x_wconf 89' lang='lat' dir='ltr'><strong>dalatus</strong></span> <span class='ocrx_word' id='word_1_185' title='bbox 496 1588 519 1626; x_wconf 88' lang='lat' dir='ltr'><strong>iu</strong></span> <span class='ocrx_word' id='word_1_186' title='bbox 527 1597 604 1631; x_wconf 78' lang='lat' dir='ltr'><strong>terum,</strong></span> 
     </span>
    </p>

    <p class='ocr_par' dir='ltr' id='par_1_10' title="bbox 111 1635 754 1686">
     <span class='ocr_line' id='line_1_29' title="bbox 111 1635 754 1686; baseline -0.009 -7"><span class='ocrx_word' id='word_1_187' title='bbox 111 1639 356 1684; x_wconf 77' lang='lat' dir='ltr'><strong>Detereretsibimulta;</strong></span> <span class='ocrx_word' id='word_1_188' title='bbox 371 1640 474 1678; x_wconf 80' lang='lat' dir='ltr'><strong>recideret</strong></span> <span class='ocrx_word' id='word_1_189' title='bbox 481 1649 552 1684; x_wconf 83' lang='lat' dir='ltr'><strong>omne,</strong></span> <span class='ocrx_word' id='word_1_190' title='bbox 562 1636 619 1686; x_wconf 90' lang='lat' dir='ltr'><strong>quod</strong></span> <span class='ocrx_word' id='word_1_191' title='bbox 627 1635 685 1675; x_wconf 87' lang='lat' dir='ltr'><strong>ultra</strong></span> <span class='ocrx_word' id='word_1_192' title='bbox 753 1636 754 1639; x_wconf 76' lang='grc'>’</span> 
     </span>
    </p>

    <p class='ocr_par' dir='ltr' id='par_1_11' title="bbox 112 1686 709 1735">
     <span class='ocr_line' id='line_1_30' title="bbox 112 1686 709 1735; baseline -0.007 -7"><span class='ocrx_word' id='word_1_193' title='bbox 112 1690 367 1735; x_wconf 67' lang='grc' dir='ltr'><strong>Ρετίεοωωῐῐαὴοτεῑιιη</strong></span> <span class='ocrx_word' id='word_1_194' title='bbox 383 1688 608 1728; x_wconf 81' lang='lat' dir='ltr'><strong>etinversuiaciando</strong></span> <span class='ocrx_word' id='word_1_195' title='bbox 686 1686 709 1724; x_wconf 82' lang='lat'><strong>70</strong></span> 
     </span>
    </p>

    <p class='ocr_par' dir='ltr' id='par_1_12' title="bbox 111 1740 635 1791">
     <span class='ocr_line' id='line_1_31' title="bbox 111 1740 635 1791; baseline -0.008 -12"><span class='ocrx_word' id='word_1_196' title='bbox 111 1741 171 1791; x_wconf 74' lang='lat' dir='ltr'><strong>stepo</strong></span> <span class='ocrx_word' id='word_1_197' title='bbox 180 1746 244 1790; x_wconf 89' lang='lat' dir='ltr'><strong>caput</strong></span> <span class='ocrx_word' id='word_1_198' title='bbox 248 1741 350 1785; x_wconf 85' lang='lat' dir='ltr'><strong>scaberet,</strong></span> <span class='ocrx_word' id='word_1_199' title='bbox 360 1740 418 1779; x_wconf 87' lang='lat' dir='ltr'><strong>vivos</strong></span> <span class='ocrx_word' id='word_1_200' title='bbox 426 1745 448 1779; x_wconf 89' lang='lat' dir='ltr'><strong>et</strong></span> <span class='ocrx_word' id='word_1_201' title='bbox 454 1740 538 1778; x_wconf 88' lang='lat' dir='ltr'><strong>roderet</strong></span> <span class='ocrx_word' id='word_1_202' title='bbox 545 1748 635 1786; x_wconf 74' lang='lat' dir='ltr'><strong>ungues.</strong></span> 
     </span>
    </p>

    <p class='ocr_par' dir='ltr' id='par_1_13' title="bbox 112 1788 671 1841">
     <span class='ocr_line' id='line_1_32' title="bbox 112 1788 671 1841; baseline -0.005 -12"><span class='ocrx_word' id='word_1_203' title='bbox 112 1791 172 1841; x_wconf 80' lang='lat' dir='ltr'><strong>saeps</strong></span> <span class='ocrx_word' id='word_1_204' title='bbox 180 1791 253 1831; x_wconf 86' lang='lat' dir='ltr'><strong>stilum</strong></span> <span class='ocrx_word' id='word_1_205' title='bbox 259 1795 334 1837; x_wconf 78' lang='lat' dir='ltr'><strong>vertas,</strong></span> <span class='ocrx_word' id='word_1_206' title='bbox 343 1791 427 1836; x_wconf 82' lang='lat' dir='ltr'><strong>iterum,</strong></span> <span class='ocrx_word' id='word_1_207' title='bbox 437 1800 486 1839; x_wconf 76' lang='lat' dir='ltr'><strong>quse</strong></span> <span class='ocrx_word' id='word_1_208' title='bbox 498 1789 562 1837; x_wconf 73' lang='lat' dir='ltr'><strong>digna</strong></span> <span class='ocrx_word' id='word_1_209' title='bbox 569 1788 611 1835; x_wconf 78' lang='lat' dir='ltr'><strong>legi</strong></span> <span class='ocrx_word' id='word_1_210' title='bbox 621 1788 671 1833; x_wconf 73' lang='lat' dir='ltr'><strong>sint,</strong></span> 
     </span>
    </p>

    <p class='ocr_par' dir='ltr' id='par_1_14' title="bbox 112 1838 677 1891">
     <span class='ocr_line' id='line_1_33' title="bbox 112 1838 677 1891; baseline -0.011 -10"><span class='ocrx_word' id='word_1_211' title='bbox 112 1842 240 1891; x_wconf 72' lang='lat' dir='ltr'><strong>scripturum</strong></span> <span class='ocrx_word' id='word_1_212' title='bbox 255 1853 332 1890; x_wconf 90' lang='lat' dir='ltr'><strong>nequa,</strong></span> <span class='ocrx_word' id='word_1_213' title='bbox 343 1845 365 1880; x_wconf 83' lang='lat' dir='ltr'><strong>te</strong></span> <span class='ocrx_word' id='word_1_214' title='bbox 373 1841 493 1879; x_wconf 85' lang='lat' dir='ltr'><strong>utmiratur</strong></span> <span class='ocrx_word' id='word_1_215' title='bbox 500 1840 570 1884; x_wconf 87' lang='lat' dir='ltr'><strong>turba,</strong></span> <span class='ocrx_word' id='word_1_216' title='bbox 581 1838 677 1876; x_wconf 80' lang='lat' dir='ltr'><strong>labores:</strong></span> 
     </span>
    </p>

    <p class='ocr_par' dir='ltr' id='par_1_15' title="bbox 112 1890 646 1942">
     <span class='ocr_line' id='line_1_34' title="bbox 112 1890 646 1942; baseline -0.007 -11"><span class='ocrx_word' id='word_1_217' title='bbox 112 1893 228 1932; x_wconf 84' lang='lat' dir='ltr'><strong>Contentus</strong></span> <span class='ocrx_word' id='word_1_218' title='bbox 238 1893 311 1942; x_wconf 84' lang='lat' dir='ltr'><strong>paucis</strong></span> <span class='ocrx_word' id='word_1_219' title='bbox 320 1892 440 1930; x_wconf 89' lang='lat' dir='ltr'><strong>lectoribus.</strong></span> <span class='ocrx_word' id='word_1_220' title='bbox 468 1893 502 1928; x_wconf 81' lang='lat' dir='ltr'><strong>An</strong></span> <span class='ocrx_word' id='word_1_221' title='bbox 509 1896 548 1928; x_wconf 87' lang='lat' dir='ltr'><strong>tua</strong></span> <span class='ocrx_word' id='word_1_222' title='bbox 557 1890 646 1928; x_wconf 81' lang='lat' dir='ltr'><strong>demens</strong></span> 
     </span>
    </p>

    <p class='ocr_par' dir='ltr' id='par_1_16' title="bbox 113 1940 563 1982">
     <span class='ocr_line' id='line_1_35' title="bbox 113 1940 563 1982; baseline -0.004 -2"><span class='ocrx_word' id='word_1_223' title='bbox 113 1943 197 1982; x_wconf 85' lang='lat' dir='ltr'><strong>Vilibus</strong></span> <span class='ocrx_word' id='word_1_224' title='bbox 205 1943 292 1982; x_wconf 89' lang='lat' dir='ltr'><strong>inludis</strong></span> <span class='ocrx_word' id='word_1_225' title='bbox 300 1943 376 1981; x_wconf 87' lang='lat' dir='ltr'><strong>dictari</strong></span> <span class='ocrx_word' id='word_1_226' title='bbox 384 1942 478 1980; x_wconf 87' lang='lat' dir='ltr'><strong>carmina</strong></span> <span class='ocrx_word' id='word_1_227' title='bbox 486 1940 549 1980; x_wconf 90' lang='lat' dir='ltr'><strong>malis</strong></span> <span class='ocrx_word' id='word_1_228' title='bbox 556 1941 563 1978; x_wconf 88' lang='lat' dir='ltr'><strong>i</strong></span> 
     </span>
    </p>

    <p class='ocr_par' dir='ltr' id='par_1_17' title="bbox 113 1989 713 2087">
     <span class='ocr_line' id='line_1_36' title="bbox 113 1989 713 2080; baseline -0.007 -49"><span class='ocrx_word' id='word_1_229' title='bbox 113 1993 162 2032; x_wconf 86' lang='lat' dir='ltr'><strong>Non</strong></span> <span class='ocrx_word' id='word_1_230' title='bbox 170 2004 220 2080; x_wconf 56' lang='lat'><strong>⁰⁸3²</strong></span> <span class='ocrx_word' id='word_1_231' title='bbox 234 2004 285 2031; x_wconf 88' lang='lat' dir='ltr'><strong>nam</strong></span> <span class='ocrx_word' id='word_1_232' title='bbox 295 1993 346 2031; x_wconf 86' lang='lat' dir='ltr'><strong>satis</strong></span> <span class='ocrx_word' id='word_1_233' title='bbox 354 1996 393 2038; x_wconf 72' lang='lat' dir='ltr'><strong>cst,</strong></span> <span class='ocrx_word' id='word_1_234' title='bbox 403 1993 496 2041; x_wconf 85' lang='lat' dir='ltr'><strong>equitem</strong></span> <span class='ocrx_word' id='word_1_235' title='bbox 505 1990 560 2029; x_wconf 91' lang='lat' dir='ltr'><strong>mihi</strong></span> <span class='ocrx_word' id='word_1_236' title='bbox 567 1989 678 2039; x_wconf 78' lang='lat' dir='ltr'><strong>plaudere,</strong></span> <span class='ocrx_word' id='word_1_237' title='bbox 687 1993 713 2028; x_wconf 85' lang='lat' dir='ltr'><strong>ut</strong></span> 
     </span>
     <span class='ocr_line' id='line_1_37' title="bbox 164 2052 242 2087; baseline -0.013 -7"><span class='ocrx_word' id='word_1_238' title='bbox 164 2053 193 2080; x_wconf 85' lang='lat' dir='ltr'><strong>au</strong></span> <span class='ocrx_word' id='word_1_239' title='bbox 208 2052 242 2087; x_wconf 87' lang='lat' dir='ltr'><strong>ax,</strong></span> 
     </span>
    </p>

    <p class='ocr_par' dir='ltr' id='par_1_18' title="bbox 114 2090 585 2140">
     <span class='ocr_line' id='line_1_38' title="bbox 114 2090 585 2140; baseline -0.004 -11"><span class='ocrx_word' id='word_1_240' title='bbox 114 2092 228 2131; x_wconf 82' lang='lat' dir='ltr'><strong>Contcmtis</strong></span> <span class='ocrx_word' id='word_1_241' title='bbox 238 2091 292 2134; x_wconf 82' lang='lat' dir='ltr'><strong>aliis.</strong></span> <span class='ocrx_word' id='word_1_242' title='bbox 301 2091 388 2140; x_wconf 83' lang='lat' dir='ltr'><strong>explosa</strong></span> <span class='ocrx_word' id='word_1_243' title='bbox 397 2090 516 2131; x_wconf 85' lang='lat' dir='ltr'><strong>Arbuscula</strong></span> <span class='ocrx_word' id='word_1_244' title='bbox 523 2090 585 2129; x_wconf 81' lang='lat' dir='ltr'><strong>dixit.</strong></span> 
     </span>
    </p>

    <p class='ocr_par' dir='ltr' id='par_1_19' title="bbox 116 2140 688 2187">
     <span class='ocr_line' id='line_1_39' title="bbox 116 2140 688 2187; baseline -0.002 -9"><span class='ocrx_word' id='word_1_245' title='bbox 116 2140 174 2179; x_wconf 80' lang='lat' dir='ltr'><strong>Men&#39;</strong></span> <span class='ocrx_word' id='word_1_246' title='bbox 183 2147 267 2179; x_wconf 86' lang='lat' dir='ltr'><strong>moveat</strong></span> <span class='ocrx_word' id='word_1_247' title='bbox 274 2142 344 2180; x_wconf 82' lang='lat' dir='ltr'><strong>cimex</strong></span> <span class='ocrx_word' id='word_1_248' title='bbox 357 2141 474 2181; x_wconf 76' lang='lat' dir='ltr'><strong>Pantiliusr</strong></span> <span class='ocrx_word' id='word_1_249' title='bbox 487 2146 526 2179; x_wconf 78' lang='lat' dir='ltr'><strong>sut</strong></span> <span class='ocrx_word' id='word_1_250' title='bbox 533 2140 620 2180; x_wconf 89' lang='lat' dir='ltr'><strong>cruciet.</strong></span> <span class='ocrx_word' id='word_1_251' title='bbox 630 2140 688 2187; x_wconf 88' lang='lat' dir='ltr'><strong>quod</strong></span> 
     </span>
    </p>

    <p class='ocr_par' dir='ltr' id='par_1_20' title="bbox 114 2188 676 2241">
     <span class='ocr_line' id='line_1_40' title="bbox 114 2188 676 2241; baseline 0 -13"><span class='ocrx_word' id='word_1_252' title='bbox 114 2188 204 2229; x_wconf 77' lang='lat' dir='ltr'><strong>vellicet</strong></span> <span class='ocrx_word' id='word_1_253' title='bbox 212 2191 321 2230; x_wconf 77' lang='lat' dir='ltr'><strong>absentem</strong></span> <span class='ocrx_word' id='word_1_254' title='bbox 329 2192 449 2231; x_wconf 84' lang='lat' dir='ltr'><strong>Demetrius</strong></span> <span class='ocrx_word' id='word_1_255' title='bbox 457 2193 464 2231; x_wconf 82' lang='lat' dir='ltr'><strong>t</strong></span> <span class='ocrx_word' id='word_1_256' title='bbox 479 2195 517 2230; x_wconf 89' lang='lat' dir='ltr'><strong>aut</strong></span> <span class='ocrx_word' id='word_1_257' title='bbox 525 2191 582 2241; x_wconf 87' lang='lat' dir='ltr'><strong>quod</strong></span> <span class='ocrx_word' id='word_1_258' title='bbox 590 2192 676 2239; x_wconf 79' lang='lat' dir='ltr'><strong>ineptus</strong></span> 
     </span>
    </p>
   </div>
   <div class='ocr_carea' id='block_1_5' title="bbox 0 0 779 2572">
    <p class='ocr_par' dir='ltr' id='par_1_21' title="bbox 0 0 779 2572">
     <span class='ocr_line' id='line_1_41' title="bbox 0 0 779 2572; baseline 0 0"><span class='ocrx_word' id='word_1_259' title='bbox 0 0 779 2572; x_wconf 95' lang='lat' dir='ltr'><strong> </strong></span> 
     </span>
    </p>
   </div>
  </div>
 </body>
</html>
