1504 2564
124 190 126 195 -
196 155 357 210 ositlssrwrt
371 170 426 210 ms.
442 171 458 209 1.
604 174 625 210 rr

74 287 126 327 Non
135 286 276 335 Dindymene,
285 296 328 325 non
337 285 405 334 adytis
414 288 482 336 qustlt

73 338 173 377 Mentem
181 337 314 378 sacerdotum
322 336 392 376 incola
400 337 494 386 Pythius,

101 388 122 427 N
123 398 151 427 on
160 387 224 427 Liber
231 396 299 436 aeque,
313 398 355 426 non
364 393 428 427 eouts

177 437 199 476 Si
206 437 316 486 geminent
323 438 451 487 corybantes
459 449 508 484 esra,

72 489 155 529 Trlstes
163 491 188 527 ut
195 489 233 526 iroe
240 500 245 526 ε
259 498 313 538 ques
320 499 389 538 neque
399 489 488 528 Norlous

73 540 174 579 Deterret
181 539 244 584 ensis,
253 549 293 578 noo
300 549 358 578 mere
366 539 498 588 usudsgum

100 591 121 630 N
121 601 147 629 ec
154 599 224 628 sserus
231 588 293 637 ignis,
301 601 341 629 uec
349 592 459 630 tremendo

176 639 260 688 Jupiter
267 639 312 689 ipso
320 651 384 679 ruens
392 640 493 680 tumultu.

71 691 150 735 Fertur
158 688 303 737 Prometheus,
312 691 390 730 addere
398 691 489 741 principi

72 742 135 781 Limo
144 744 230 779 cosmus
237 741 363 789 particulam
371 742 467 790 undique

100 792 221 837 Desectam,
235 794 257 829 et
264 791 334 831 insoni
343 791 415 831 leonis·

175 841 224 880 Vim
232 842 364 881 stomschoe
379 843 473 892 posuisse
482 845 559 882 nostro.

72 894 115 932 11·ae
124 891 232 941 Thyesten
240 892 305 931 exitio
314 903 373 942 grou

71 945 177 989 Strsvere,
190 945 213 981 et
220 941 269 981 eltis
276 944 365 983 urbibus
373 942 455 982 ultimae

99 994 180 1033 Stetere
188 1003 265 1039 osmer,
271 1005 309 1033 our
317 993 411 1043 perirent

174 1043 285 1092 Funditus,
293 1045 467 1095 imprimeretque
474 1044 541 1083 muris

71 1093 157 1134 Hostile
165 1098 259 1134 mmm
266 1096 372 1135 exercitus
380 1093 480 1134 insolens.

71 1145 188 1195 Compesoe
196 1149 301 1185 mentem:
315 1156 350 1185 me
358 1156 442 1196 quoque
450 1145 540 1195 pectoris

96 1195 198 1236 'l'entsvit
205 1197 228 1234 in
236 1196 294 1236 dulei
299 1197 389 1246 Juvents

173 1246 256 1293 Feruor,
265 1249 318 1286 etin
326 1247 404 1287 celeres
412 1246 493 1287 iambos

72 1294 133 1337 Misit
138 1297 256 1336 furentem:
273 1309 330 1338 nuno
337 1309 376 1348 ego
384 1298 472 1337 mitibus

72 1347 157 1387 Mutare
165 1357 238 1396 qusero
246 1349 324 1394 tristia;
338 1349 390 1388 dum
398 1349 452 1388 mihi

96 1398 145 1438 Fies
153 1398 266 1438 reosnwtis
277 1398 347 1439 omiss

172 1448 299 1498 opprobriis,
309 1450 447 1500 animumque
454 1450 538 1489 reddas.

246 1663 305 1702 ODE
317 1663 357 1704 XV
359 1663 388 1703 11.

208 1765 243 1802 Ao
255 1764 429 1805 mommsen.

70 1840 152 1881 Vrsox
161 1850 271 1880 smoeuum
279 1852 336 1891 saepo
344 1842 472 1882 Lucretilem

70 1891 140 1931 liutet
147 1891 225 1942 Lyeseo
233 1891 325 1940 Faunus,
334 1897 356 1932 et
363 1894 448 1943 igneam

93 1943 195 1984 Defendit
202 1946 297 1982 renotem
305 1954 357 2033 coire

169 1993 242 2042 Usque
249 1994 309 2041 meis,
318 2006 333 2044 p
342 1995 444 2045 urlosque
453 1999 532 2035 ventos.

70 2042 158 2092 lmpuue
166 2047 238 2083 tutum
245 2056 283 2094 per
290 2056 365 2085 nemus
373 2046 459 2086 arbutos

69 2093 172 2135 Quaerunt
178 2093 269 2134 latentes
276 2099 299 2134 et
306 2095 385 2146 thyma,
394 2097 462 2135 devite

93 2145 176 2185 Olentis
182 2156 260 2185 uxores
267 2147 348 2185 meriti:

168 2196 214 2234 Nee
221 2197 298 2235 virides
306 2199 405 2237 metuunt
412 2196 516 2242 colubros,

506 2261 519 2292 c
