1562 2568
132 187 167 225 ist
295 186 320 226 Q·
332 183 456 224 nontin
471 183 570 223 snncc1

131 301 304 347 Oeourrorides:
320 298 338 338 sl
346 299 399 338 forta
407 298 512 338 subucula
519 308 581 347 pexae

131 352 190 392 Trito
198 352 270 392 subest
278 351 363 396 tunicas,
372 350 404 388 vel
414 351 432 388 si
440 354 488 398 toga
496 349 586 387 dissidet
594 350 673 400 impar,

132 402 204 442 Rides.
231 401 301 447 Quidl
319 411 368 439 mea
376 412 425 440 oum
432 405 513 449 pugnat
520 402 629 439 sententia
637 403 725 440 secuml

131 454 193 499 Quod
201 452 268 501 petiit,
278 452 368 499 spemin
381 451 464 500 repetit,
474 451 530 498 quod
539 461 609 498 nuper
616 453 705 491 omisit?

130 503 221 548 AEstuat,
232 506 255 541 et
261 502 311 539 vitae
321 501 454 541 disconvenit
461 502 534 539 ordine
544 502 604 539 totol

131 554 208 596 Diruit.
217 551 315 596 edificat,
324 556 394 591 mutat
401 552 504 600 quadrata
511 552 623 590 rotundis?
698 554 733 590 100

131 603 227 643 insanire
235 606 297 651 putas
305 601 409 640 solemnia
417 613 457 647 me,
467 613 536 651 neque
545 602 609 648 rides,

131 654 176 694 lieo
184 653 261 692 medici
269 652 343 698 eredis,
354 664 393 691 nee
400 653 502 692 curatoris
510 663 571 700 egere

100 711 102 717 ’
131 705 150 743 Α
172 708 247 743 raetore
256 703 307 748 dati,
316 714 387 742 rernm
395 703 462 742 tutela
470 713 566 742 mearum

130 716 202 801 anm
210 754 245 800 sis,
254 758 276 792 et
281 765 345 803 prave
353 758 434 793 seotum
442 752 578 793 stomacheris
586 753 615 792 ob
623 764 719 802 unguem

131 806 163 844 De
171 809 192 843 te
200 804 319 854 pendentis,
328 808 350 843 te
357 805 489 853 respicientis
501 804 565 842 amici
573 802 578 839 l

130 856 164 895 Ad
171 867 284 900 summam,
294 856 378 904 sapiens
386 866 430 894 uno
438 855 508 893 minor
515 859 548 893 est
556 852 615 896 Jove.
625 854 692 900 dives,

130 907 199 953 Liber,
208 906 329 952 honoratus,
339 905 434 954 pulcher,
443 917 482 944 rex
493 905 585 951 denique
594 915 680 952 regum

27 964 30 973 ⁴
72 966 100 1019 *l
131 957 239 1007 Proeeipue
247 967 318 1002 sanus.
328 956 369 995 nisi
377 967 444 1006 quum
453 956 531 1006 pituita
537 954 629 993 molesta
637 960 677 995 est.

9 1016 21 1111 l

339 1132 478 1172 EPISTOLA
492 1132 522 1171 11.

345 1234 379 1273 Ao
393 1234 511 1273 Lonnrnn.

130 1311 238 1350 Tnoslnr
248 1309 300 1349 belli
307 1310 436 1359 scriptorem,
447 1309 541 1348 maxime
550 1309 612 1355 Lolli,

131 1361 188 1400 Dum
197 1365 220 1400 tu
228 1361 335 1399 declamas
344 1361 424 1405 Romae,
435 1361 541 1399 Praeneste
549 1360 625 1408 relegi3

130 1412 179 1458 Qui,
188 1412 241 1460 quid
248 1412 277 1451 sit
284 1411 403 1460 pulchrum,
411 1412 463 1461 quid
471 1415 539 1459 turpe,
549 1411 602 1460 qnid
610 1411 672 1456 utile,
680 1409 732 1460 quid

180 1472 230 1508 non,

131 1512 218 1551 Planius
226 1523 251 1550 ao
259 1511 336 1551 melius
345 1512 460 1561 Chrysippo
468 1515 490 1549 et
498 1511 598 1551 Crantore
607 1513 666 1551 dicit

131 1564 173 1602 Cur
182 1564 212 1601 ita
220 1563 352 1608 crediderim,
362 1563 403 1601 nisi
412 1563 464 1611 qnid
472 1566 493 1600 te
504 1563 592 1603 detinet.
602 1563 661 1601 andi.

131 1613 218 1659 Fabula,
228 1624 271 1661 qua
281 1614 361 1652 Paridis
369 1617 454 1662 propter
462 1618 559 1651 narratur
568 1625 664 1653 amorem

131 1665 213 1704 Graeeia
222 1664 329 1703 Barbaria
337 1663 396 1702 lento
405 1664 478 1702 collisa
485 1663 564 1707 duello,

131 1715 247 1753 Stultorum
256 1725 330 1762 regum
338 1719 360 1752 et
367 1715 495 1763 populorum
503 1714 600 1751 eontinet
607 1719 680 1753 aestus·
718 1736 722 1743 ·

131 1766 227 1804 Antenor
235 1769 307 1804 censet
315 1765 366 1803 belli
375 1766 489 1813 praeeidere
496 1775 583 1803 oausam
591 1777 596 1802 ;

131 1815 188 1861 Quid
198 1816 269 1854 Parisl
283 1820 308 1854 ut
316 1814 386 1854 salvus
394 1819 469 1863 regnet
475 1815 574 1863 vivatque
581 1815 665 1861 beatum
709 1816 733 1854 to
770 1812 771 1865 ]

131 1866 181 1913 Cogi
190 1877 251 1914 posse
259 1870 329 1913 negat.
356 1866 432 1905 Nestor
441 1876 566 1914 componere
574 1865 623 1904 lites

132 1916 191 1954 Inter
200 1916 287 1955 Peliden
296 1916 382 1955 festinat
390 1922 413 1955 et
420 1917 475 1955 inter
486 1916 585 1954 Atriden:

131 1966 196 2004 Hune
204 1977 269 2009 amor,
277 1967 309 2005 ira
315 1966 402 2014 quidem
410 1967 551 2006 communiter
558 1966 602 2005 urit
608 1970 733 2016 unumque.

131 2015 239 2064 Quicquid
246 2015 338 2055 delirant
345 2027 410 2064 reges.
419 2017 541 2066 plectuntur
550 2016 637 2055 Achivi:

132 2065 245 2109 Seditione,
254 2066 314 2112 dolis,
323 2066 408 2111 scelere,
417 2072 481 2114 atque
489 2067 579 2105 libidine
587 2073 610 2106 et
617 2067 657 2114 ira,

132 2113 208 2152 Iliacos
217 2115 273 2153 intra
280 2127 352 2156 muros
360 2122 461 2165 peccatur
470 2121 491 2155 et
499 2122 566 2156 extra.

132 2162 220 2208 Rursus,
229 2165 282 2212 qnid
289 2166 356 2204 virtus
365 2172 386 2205 et
395 2168 446 2216 quid
454 2167 560 2215 sapientia
568 2168 641 2216 possit,

132 2211 190 2251 lJtlle
197 2216 306 2262 proposuit
314 2216 374 2256 nobis
383 2217 493 2267 exemplar
502 2217 599 2266 Ulyssem
607 2231 612 2263 ;
