1562 2568
210 190 414 233 EPISTOLARUM
427 192 481 233 ΜΒ.
497 193 527 231 11.
630 194 665 232 221

71 307 164 350 Alterius
172 321 269 349 sermone
277 321 345 348 meros
353 309 438 348 audiret
444 308 541 351 honores,

70 361 179 400 Gracchus
186 365 211 399 ut
218 361 253 400 liic
261 360 294 398 illi
302 360 361 406 foret,
370 360 421 398 huic
427 364 452 397 ut
458 359 542 398 Mucius
548 356 592 398 ille.

70 412 114 452 Qui
122 412 193 450 minus
202 417 286 459 argutos
295 416 358 449 vexat
366 411 424 449 furor
432 411 471 453 iste
480 410 567 458 poetas?
642 409 669 448 90

71 462 170 501 Carmina
179 473 287 511 compono,
297 462 332 500 hic
341 462 416 510 elegos,
425 460 522 500 mirabile
530 460 578 498 visu

71 513 219 560 Coelstumque
227 523 303 550 novem
313 513 380 551 Musis
388 523 441 561 opus
450 512 455 549 !
469 511 560 560 Adspice
568 510 669 559 primum,

72 563 158 604 Quanto
165 574 213 601 cum
222 563 285 608 festu,
296 568 375 610 quanto
383 561 492 601 molimine
499 562 588 601 circum-

71 615 195 663 spectemus
203 625 292 652 vacuam
300 612 401 651 Romanis
409 613 494 651 vatibus
500 611 578 651 aedemi

72 665 125 703 Mox
133 664 204 709 etiam,
214 665 232 702 si
240 664 294 702 forte
301 674 370 709 vacas,
379 674 472 712 sequere,
482 667 504 701 et
511 662 584 711 procul
593 662 651 708 audi,

72 715 129 755 Quid
137 714 197 760 ferat,
210 719 232 751 et
240 724 305 762 quare
314 713 354 752 sibi
362 718 434 752 nectet
441 719 530 762 uterque
538 723 644 752 coronam.

72 766 184 810 Caedimur,
194 768 216 802 et
222 765 310 802 totidem
320 763 387 812 plagis
395 764 539 803 consumimus
546 765 636 809 hostem,

72 816 140 855 Lento
152 814 256 853 Samnites
264 815 292 852 ad
300 813 381 852 lumina
389 814 458 861 prima
467 813 545 852 duello.

73 866 165 906 Discedo
175 864 259 903 Alcaeus
267 870 346 912 puncto
354 864 412 902 illius
422 876 426 899 ε
441 863 477 902 ille
484 875 531 902 meo
538 865 598 912 quisi

73 917 126 963 Quis
134 915 176 954 nisi
184 915 340 954 Callimachus?
354 915 371 954 si
384 916 431 962 plus
439 916 552 963 adposcere
559 916 624 961 visus,
634 915 672 953 10⁰⁴

74 968 108 1007 Fit
117 966 264 1010 Mimnermus,
272 969 294 1003 et
301 967 372 1014 optivo
379 965 503 1012 cognomine
512 965 594 1003 crescit.

74 1017 145 1056 Multa
153 1017 203 1061 fero,
211 1021 236 1055 nt
242 1016 325 1065 placem
333 1026 399 1064 genus
407 1014 508 1053 irritabile
516 1020 596 1059 vetum,

74 1069 146 1114 Quum
153 1067 227 1113 scribo,
237 1071 258 1105 et
267 1066 357 1116 supplex
365 1065 438 1115 populi
447 1065 547 1113 suffragia
555 1070 629 1114 capto:

74 1117 142 1164 idem,
151 1118 216 1156 finitis
225 1118 307 1161 studiis,
317 1122 339 1155 et
346 1122 417 1155 mente
425 1119 516 1164 recepta,

74 1170 177 1208 obturem
185 1167 269 1217 patulas
277 1168 364 1216 impune
376 1166 495 1215 legentibus
503 1176 571 1204 aures.

75 1219 181 1258 Ridentur
189 1218 245 1257 nrala
254 1219 290 1267 qui
298 1229 323 1256 co
346 1222 429 1268 ponunt
436 1217 542 1255 carmina:
556 1226 630 1254 verum

76 1270 176 1309 Gaudent
183 1270 305 1315 scribentes,
315 1229 366 1307 εῗιεε
374 1273 507 1313 venerantur,
517 1272 539 1305 et
547 1266 609 1313 ultro,

76 1320 98 1360 Si
106 1324 182 1365 tacens,
190 1320 284 1366 landent,
294 1319 395 1369 quicquid
403 1320 510 1367 scripsere,
520 1317 585 1356 beati.

10 1408 13 1411 .
75 1371 105 1409 At
113 1371 150 1420 qui
157 1370 275 1417 legitimum
284 1371 356 1419 cupiet
363 1371 438 1409 fecisse
445 1381 527 1419 poema,

76 1422 129 1460 Cum
138 1420 216 1460 tabulis
225 1421 320 1460 animum
328 1422 420 1460 censoris
428 1425 498 1459 sumet
505 1418 602 1461 honesti;
636 1418 673 1456 110

77 1471 176 1516 Audebit,
186 1482 319 1521 quecunque
327 1483 402 1520 parum
411 1471 528 1520 splendoris
535 1469 653 1513 habebunt,

77 1523 105 1561 Et
112 1523 158 1561 sine
166 1523 258 1570 pondere
266 1527 335 1567 erunt,
344 1527 366 1560 et
375 1522 454 1561 honore
463 1522 551 1570 indigna
558 1520 660 1565 ferentur,

77 1572 147 1612 Verba
154 1583 238 1610 movere
245 1571 298 1618 loco,
307 1574 403 1621 quemvis
411 1573 478 1610 invita
485 1573 591 1616 recedant,

77 1623 106 1663 Et
112 1625 222 1662 versentur
230 1621 299 1660 adbuc
307 1622 363 1660 intre
370 1623 488 1671 penetralia
495 1622 574 1660 Vestae.

77 1672 240 1714 obscuratam
248 1671 326 1721 populo
334 1672 402 1711 bonus
416 1677 482 1717 eruet,
497 1678 561 1720 etque

77 1724 172 1763 Proieret
179 1724 202 1760 in
209 1722 278 1761 lucem
287 1724 382 1772 speciosa
390 1723 493 1761 voeabula
501 1734 579 1767 rerum,

76 1776 138 1822 Quae,
147 1773 221 1823 priscis
228 1778 344 1812 memorata
352 1773 467 1812 Catonibus
476 1778 539 1821 atque
549 1771 652 1819 Cethegis,

78 1825 141 1866 Nunc
148 1825 201 1863 situs
209 1823 305 1863 informis
312 1825 390 1873 premit
398 1828 420 1862 et
427 1825 510 1862 deserta
517 1826 611 1862 vetustas
619 1834 624 1859 :

78 1876 187 1919 Adscisoet
194 1885 254 1919 nova,
265 1884 313 1922 qnae
320 1875 403 1922 genitor
410 1873 535 1923 produxerit
541 1884 599 1912 usus.

76 1924 198 1966 Vehemens
207 1929 228 1963 et
236 1924 329 1974 liquidus
337 1936 433 1974 puroque
441 1923 562 1963 simillimus
571 1922 630 1961 amni
640 1921 676 1959 lm

78 1976 161 2017 Fundet
169 1986 225 2025 opes,
236 1976 361 2024 Latiumque
369 1976 443 2014 beabit
449 1975 514 2014 divite
520 1975 600 2022 lingue.

78 2026 219 2067 Luxuriantia
227 2032 350 2075 compescet,
360 2027 423 2065 nimis
431 2037 508 2074 aspera
515 2037 567 2065 seno

77 2078 167 2121 Itevebit
174 2076 240 2121 cultu,
248 2078 324 2116 virtute
333 2078 427 2116 carentia
433 2076 506 2115 tollet:
514 2097 517 2101 ν

125 2129 180 2167 entis
188 2129 280 2177 speciem
289 2128 354 2172 debit,
364 2133 386 2165 et
395 2128 532 2176 torquebitur,
542 2125 611 2175 utqui

128 2190 130 2195 ‘
148 2180 252 2227 Satyrum.
263 2190 320 2217 nunc
329 2182 433 2227 agrestem
442 2177 533 2227 Cyclopa
541 2182 645 2216 movetur.

29 2226 50 2287 3ss
67 2280 72 2289 ι
101 2276 106 2285 ι
150 2229 211 2270 lerini
219 2229 307 2279 scriptor
315 2229 394 2268 delirus
402 2230 499 2278 inersque
508 2229 581 2274 videri,

36 2206 41 2215 ι
