1562 2568
114 212 149 250 170
263 212 287 254 (b
297 210 420 250 nonnuli
432 210 531 250 insch

86 322 93 335 '
113 327 168 366 Tum
176 338 240 376 gener
247 326 288 366 boc
295 327 370 365 faciet:
384 325 469 365 tabulas
477 335 549 365 socero
557 324 624 372 dabit,
634 330 700 376 etque

113 376 143 416 Ut
150 377 298 426 legatorabit:
311 376 403 416 multum
413 377 491 416 Nasica
498 380 585 424 negans

112 428 208 477 Accipiet
215 428 301 466 tandem
308 431 330 466 et
338 426 485 476 tacituslegetr
498 426 637 475 invenietque

113 478 149 517 Nil
158 479 199 517 sibi
206 478 306 526 legatum,
315 482 392 527 praeter
398 477 486 526 plorare,
495 477 588 525 suisque.

113 528 170 567 lllud
179 528 259 567 ndhaec
264 529 341 576 Jubeo:
356 529 433 567 mulier
440 529 459 567 si
466 527 520 566 forte
529 527 604 566 dolosa
689 527 714 566 70

112 579 234 618 Libertusve
242 590 315 618 senem
320 578 411 618 delirum
417 581 525 627 temperet,
534 576 577 616 illis

112 629 207 667 Accedes
214 630 294 668 socius:
309 629 390 672 leudes.
399 628 492 668 lauderis
500 632 525 666 ut
533 629 617 667 absens.

112 680 204 727 Arquat
211 679 252 718 hoc
260 690 356 728 quoque;
374 680 412 719 sed
419 680 485 719 vincit
492 679 553 726 longe
561 679 621 726 prius
629 678 702 727 ipsum

113 730 239 778 Expugnare
247 734 317 778 eaput.
344 729 688 769 Scribetmelacurminuvecorsl

112 780 218 818 Laudato:
233 785 336 819 sconstor
343 781 397 819 erit?
410 791 461 819 cave
469 784 491 819 te
498 785 568 827 roget:
578 779 636 818 ultro

112 829 232 879 Penelopen
240 830 308 870 facilis
316 831 393 879 potiori
400 831 467 869 trade·
494 831 601 870 Putasne?

112 881 201 920 Perduci
209 882 286 930 poterit
292 886 336 920 tam
344 881 400 929 frugi
407 886 492 929 temque
500 881 584 929 pudica,

112 932 181 977 Quam
189 933 290 980 nequiere
298 933 355 981 proci
363 936 420 971 recto
428 930 533 981 depellere
541 931 619 969 cursui

112 981 176 1020 Venit
183 984 241 1021 enim
248 993 350 1031 magnum
358 983 451 1021 donandi
457 993 520 1032 perca
526 982 635 1029 juventus,

112 1032 157 1071 Nec
166 1037 249 1072 tentum
258 1033 352 1079 Veneris,
360 1036 464 1081 quantum
472 1032 566 1071 studiose
574 1032 666 1078 collum
689 1032 714 1070 8⁰

112 1083 145 1122 Sic
153 1084 193 1122 tibi
201 1083 306 1132 Penelope
314 1083 370 1131 frugi
378 1088 420 1122 est:
435 1093 490 1132 quoe.
500 1082 518 1121 si
526 1082 592 1120 semel
600 1093 645 1121 uno

112 1133 144 1172 De
151 1145 201 1172 sene
209 1135 298 1182 gustarit
303 1138 375 1172 tecum
383 1134 462 1182 partite
469 1132 579 1175 lucellum.

112 1183 141 1222 Ut
149 1185 207 1223 cunis
217 1196 230 1223 a
238 1184 294 1224 corio
303 1195 413 1232 nunquam
421 1183 572 1223 absterrebitur
580 1186 652 1221 uncto.

112 1234 148 1273 Me
162 1246 212 1323 §segre
229 1236 292 1283 quod,
304 1236 380 1281 dicem,
394 1235 474 1275 facturn
488 1238 530 1273 est:
546 1234 607 1272 Anus
615 1234 715 1283 improba

196 1285 241 1324 ebis

112 1333 146 1372 Ex
154 1339 280 1374 testamento
287 1336 317 1374 sic
325 1340 358 1374 est
365 1335 433 1374 elate:
451 1336 542 1374 cadaver

112 1384 204 1424 Unctum
213 1386 260 1425 oleo
268 1386 326 1434 largo
335 1387 398 1424 nudis
406 1386 500 1424 humeris
507 1384 559 1424 tulit
566 1383 648 1423 haeres:

112 1435 196 1474 Scilicet
204 1437 260 1475 elabi
269 1436 287 1475 si
294 1441 365 1485 posset
372 1441 468 1480 mortum
482 1436 552 1480 credo,

112 1486 173 1530 Quod
182 1487 272 1525 nimium
280 1488 386 1526 institerat
394 1487 480 1525 viventi.
507 1486 586 1524 cautus
595 1485 655 1524 adito
663 1499 668 1523 :

112 1536 160 1574 Neu
169 1538 224 1575 desis
232 1548 308 1586 operae,
318 1548 371 1576 neve
379 1538 530 1575 immoderatus
536 1535 640 1575 abundes.

112 1587 224 1625 Difficilem
233 1594 369 1626 etmorosum
377 1588 471 1626 offendes
479 1585 583 1635 garrulus.
609 1585 673 1625 Ultro
689 1588 714 1625 90

112 1637 161 1675 Non
169 1639 233 1676 etism
242 1638 311 1678 silens.
339 1639 409 1677 Davus
418 1638 446 1677 sis
454 1639 553 1681 comicus.
563 1639 628 1684 utque

112 1688 159 1726 Stes
168 1690 237 1738 capite
243 1690 332 1737 obstipo.
342 1688 434 1727 multum
442 1688 518 1728 similis
524 1687 636 1725 metuenti.

112 1738 219 1787 Obsequio
227 1750 332 1791 grassare:
346 1750 415 1783 mone,
423 1740 441 1777 si
449 1738 555 1777 increbuit
562 1748 622 1781 eure,

112 1788 190 1828 cautus
199 1791 231 1828 uti
239 1790 295 1828 velet
302 1800 375 1828 curum
383 1793 457 1837 caput:
472 1788 560 1827 extrahe
571 1787 636 1825 turbe

112 1839 218 1888 Oppositis
226 1840 320 1879 humeris
327 1854 331 1878 ι
348 1851 422 1878 aurem
430 1839 548 1887 substringe
556 1837 649 1885 loquaci.

111 1889 249 1938 Importunus
257 1896 315 1929 amat
322 1889 418 1929 laudarit
432 1890 507 1934 donec,
517 1889 562 1927 Ohe
568 1888 627 1936 jaml

111 1941 145 1977 Ad
154 1941 232 1979 coelum
240 1941 340 1980 manibus
348 1940 444 1985 sublatis,
454 1940 537 1984 dixerit,
546 1950 605 1986 urge,
614 1942 637 1977 et

112 1989 244 2029 Crescentem
253 1991 341 2030 tumidis
349 1992 401 2030 inilu
409 1991 540 2029 sermonibus
545 1993 622 2028 utrem.

112 2039 182 2083 Quum
191 2045 212 2078 te
220 2042 305 2080 servitio
313 2040 377 2089 longo
385 2052 478 2089 curaque
486 2040 568 2083 levarit,

112 2088 139 2125 Et
147 2094 228 2128 certum
239 2091 334 2139 vigilans,
345 2092 430 2132 Quarto
439 2095 484 2130 esto
492 2091 559 2139 partis
568 2088 662 2138 Ulysses,
677 2091 712 2128 10⁰

111 2138 216 2183 Audieris,
225 2140 306 2180 haeres:
321 2152 370 2189 ergo
378 2153 436 2180 nunc
448 2142 517 2180 Deme
525 2140 604 2180 sodalis

112 2186 223 2277 Nusqfflr
231 2192 277 2229 esti
293 2192 350 2231 unde
359 2192 412 2231 mihi
421 2196 465 2231 tam
473 2192 557 2238 fortem,
566 2196 654 2240 tamque
663 2190 712 2230 ilde·
