1504 2564
116 175 141 213 24
278 173 303 218 Q.
317 169 441 210 Hortum
453 169 553 210 fuscet

166 289 246 328 Doctus
253 287 340 336 sagittas
347 287 434 326 tendere
442 285 523 325 Sericas

167 341 223 379 Arcu
231 339 331 388 paterno?
357 337 410 382 Quis
418 339 481 385 neget
488 334 561 375 arduis

192 391 271 430 Pronos
279 388 345 427 relabi
352 398 413 437 posse
420 388 476 427 rivos

266 440 382 484 Montibus,
393 441 415 476 et
423 437 515 477 Tiberim
523 438 606 485 reverti,

167 491 220 531 cum
227 494 251 529 tu
259 494 351 529 coemtos
359 489 454 537 undique
462 488 544 528 nobiles

167 542 240 581 Libros
248 540 337 587 Panaeti,
347 539 473 579 Socraticam
480 543 503 578 et
510 540 597 578 domum

192 593 275 632 Mutare
282 590 352 630 loricis
361 590 435 636 Iberis,

266 635 376 681 Pollicitus
383 640 478 688 meliora,
487 639 572 681 tendis!

346 791 405 831 ODE
417 791 487 833 XXX.

324 893 360 932 An
375 894 506 934 verram.

167 969 186 1008 0
193 969 281 1016 Versus,
289 969 362 1018 regina
370 970 434 1009 Gnidi
442 970 558 1019 Paphique,

167 1020 246 1071 Sperne
254 1018 352 1059 dilectam
361 1020 449 1070 Cypron,
459 1024 481 1060 et
488 1021 583 1061 vocantis

168 1071 224 1110 (lure
232 1075 253 1109 te
261 1071 329 1109 multo
339 1071 433 1120 Glycerae
441 1072 540 1111 decoram

242 1121 341 1160 Ramfer
348 1122 371 1160 in
379 1122 455 1161 aedem.

167 1172 268 1210 Fervidus
274 1175 345 1210 tecum
354 1172 415 1218 Puer,
424 1177 446 1211 et
454 1172 528 1212 solutis

168 1223 246 1261 Gratiis
254 1222 318 1268 mnis,
327 1227 481 1272 properentque
490 1221 601 1272 Nympha,

168 1273 196 1312 Et
203 1280 278 1322 parum
287 1272 352 1311 comis
360 1274 435 1314 sinete
443 1274 551 1319 iuventas,

242 1322 408 1377 Mercryiusque.

342 1473 401 1512 ODE
413 1472 495 1513 XXXI.

318 1575 353 1614 Ar>
366 1575 519 1614 Aaorrmsu.

168 1651 231 1697 Qun>
238 1646 359 1688 dedicatum
367 1647 434 1698 poscit
442 1646 564 1697 Apollinem

168 1701 245 1740 Veteri
259 1699 311 1749 quid
319 1703 371 1746 orat,
380 1700 406 1737 de
414 1698 488 1748 patera
496 1709 574 1737 novum

193 1751 293 1791 Fundens
300 1749 416 1798 liquorem?
439 1749 488 1788 Non
497 1750 578 1798 opimas

268 1800 370 1839 smdiniae
378 1803 458 1848 segetes
466 1799 551 1845 ferrem

169 1853 217 1892 Non
228 1855 325 1890 aestuosae
333 1855 393 1899 grata
401 1850 504 1890 calebriae

168 1905 279 1947 Armmta3
293 1912 336 1940 non
345 1913 427 1948 aurum,
436 1904 474 1940 aut
481 1901 534 1939 ebur
542 1900 651 1946 Indicumr

193 1954 242 1992 Non
250 1963 305 1999 mua,
315 1962 364 2001 quae
372 1952 426 1992 Liris
435 1952 507 2001 quieta

267 2003 352 2042 Mordet
359 2013 414 2052 aqua
421 2001 539 2041 taciturnus
547 2002 623 2041 amnis.

169 2054 268 2093 Premant
276 2053 354 2092 celena
361 2053 422 2098 falce,
431 2052 508 2101 quibus
516 2052 575 2091 (ledit

169 2105 267 2149 Fortuna,
276 2104 353 2142 vitem:
367 2103 425 2141 dives
433 2107 455 2141 et
463 2102 532 2140 aureis

194 2153 299 2192 Mercator
307 2153 399 2191 exsiccet
406 2151 492 2190 culullis

269 2201 324 2241 Vina
332 2202 384 2251 Syra
391 2194 488 2250 reparati
495 2213 571 2250 merce,
