1520 2572
132 175 167 214 10⁶
298 172 324 219 Q.
338 169 461 212 flons'ffl
475 172 574 214 sunccl

181 289 230 328 Non
239 293 264 327 ut
271 288 372 337 superbas
380 287 458 327 invide
467 289 601 338 Carthaginis

256 338 365 378 Romanus
373 349 432 378 eroes
440 344 521 384 ureret3

181 390 276 429 lnteotus
284 393 322 427 eut
331 389 445 428 Britannus
454 394 479 428 ut
487 391 627 430 descenderet

256 440 319 478 Sacra
327 443 436 478 catenatus
445 441 492 478 vis:

180 489 221 529 Sed
229 495 260 535 ut,
270 491 387 529 seeundum
395 494 444 528 vote
453 490 587 537 Parthorum,
597 501 638 530 sua

256 539 311 579 Urbs
316 540 363 579 hmo
371 541 449 589 periret
457 541 552 580 dextere.

181 591 256 640 Neque
264 590 298 629 hio
307 590 363 639 lupis
371 602 423 636 mos,
433 603 473 630 neo
482 592 524 630 fuit
531 591 638 638 leonibus,

256 641 378 690 Nunquam,
388 640 429 680 nisi
438 642 460 680 in
469 643 548 691 disper.
559 642 617 682 ieris.

181 691 274 733 Furorne
282 702 358 735 meus,
368 702 396 729 sn
404 692 460 741 rupit
467 693 499 731 vis
507 692 588 731 seriori

256 742 290 779 An
298 742 374 790 oulpsi
389 753 513 791 responsum
522 743 578 781 dete.

181 792 267 836 Tacent,
276 795 299 829 et
307 802 344 830 ors
351 791 419 840 pellor
428 793 489 832 albus
498 793 571 838 inficit,

256 842 382 890 Mentesque
391 843 494 892 perculsis
503 847 596 892 stupent.

181 892 215 930 Sic
223 896 265 931 est:
283 893 360 931 seerba
367 892 413 931 fsto
422 893 529 932 Romanos
538 898 611 943 agunt,

257 942 373 991 scelusque
380 943 479 983 freternae
488 944 557 989 necin

182 993 210 1031 Ut
218 993 347 1032 immerentis
356 994 419 1032 fluxit
427 994 449 1032 in
458 999 536 1033 terrem
546 994 609 1033 Remi

257 1045 320 1082 Sacer
327 1044 440 1093 nepotibus
448 1055 516 1083 eruor.

361 1209 420 1248 ODE
433 1209 496 1248 vlu.

183 1300 282 1341 Rossns
291 1300 354 1349 longo
362 1303 459 1351 putidum
467 1306 488 1341 te
497 1303 583 1349 saeeulo,

257 1351 316 1390 Vires
325 1353 377 1399 quid
385 1357 471 1392 enervet
478 1364 536 1392 meas
545 1355 553 1392 l

182 1403 253 1448 Quum
261 1403 289 1440 sit
297 1403 336 1440 tibi
345 1404 397 1441 dens
406 1407 457 1449 ater,
466 1408 489 1442 et
495 1404 553 1452 rugis
561 1408 620 1444 vetus

258 1452 356 1491 Frontem
365 1459 461 1492 senectus
473 1458 553 1499 exeret,

182 1502 275 1550 Hietque
284 1503 350 1551 turpis
359 1503 414 1542 inter
422 1504 491 1543 endas
500 1509 561 1544 nates

259 1553 337 1593 Podex.
346 1553 405 1592 velut
413 1555 484 1593 orudoe
492 1555 559 1593 bovis.

182 1602 223 1641 Sed
231 1603 306 1642 incitat
313 1614 347 1641 me
355 1609 436 1652 peetus,
445 1609 468 1643 et
475 1616 574 1645 memmae
582 1611 658 1655 putres

258 1653 342 1702 Equinis
350 1653 423 1702 quales
431 1655 510 1700 ubere5

183 1703 303 1752 venterque
312 1703 389 1750 mollis,
398 1709 420 1743 et
428 1705 497 1744 femur
504 1707 633 1746 tumentibus

259 1754 320 1792 Exile
328 1755 383 1793 suris
393 1756 497 1794 additum.

183 1804 233 1843 Esto
242 1806 311 1850 beate,
320 1803 385 1843 funus
394 1810 458 1855 etque
467 1807 568 1855 imagines

258 1855 342 1894 Duosnt
351 1856 499 1905 Triumphales
509 1862 583 1901 tuum:

183 1904 227 1943 Nec
236 1905 264 1944 sit
271 1906 354 1949 merita.
364 1917 413 1955 quae
421 1908 580 1948 rotundioribus

257 1957 339 1995 Onusta
347 1957 416 1996 beccis
427 1958 534 2003 ambulen

183 2004 253 2045 Quid?
270 2006 327 2054 qnod
335 2006 402 2045 libelli
411 2007 475 2047 Stoici
483 2008 539 2048 inter
546 2010 622 2051 sericos

257 2055 270 2093 J
271 2067 330 2095 noers
340 2056 438 2105 pulvillos
447 2065 533 2098 emunt:
680 2056 691 2075 '

183 2102 281 2144 Illiteretl
289 2117 341 2145 num
349 2107 422 2146 minus
430 2109 489 2147 nervi
497 2110 580 2158 rigenti

259 2156 356 2195 Minusve
365 2157 451 2206 languet
459 2159 579 2200 lasoiunml
642 2180 646 2187 ⁴

183 2203 245 2249 Quod
253 2209 278 2243 ut
285 2208 375 2255 superbo
384 2219 482 2257 provoces
491 2211 518 2248 sd
529 2211 624 2260 inguines

258 2256 298 2293 Ore
307 2256 467 2298 sllsbomndum
476 2261 562 2300 esttibi.
