1520 2572
280 201 374 242 neom.
585 197 622 234 ios

68 328 191 373 Petamque
199 320 271 361 vultus
278 317 355 358 umbre
362 315 431 356 survis
439 313 553 362 unguibus,

150 375 204 421 Quae
213 372 245 410 vis
254 370 347 409 Deorum
355 371 387 406 est
396 365 505 409 Manium

69 429 99 468 Et
107 424 212 475 inquietis
220 421 316 460 assidens
324 416 451 468 praecordiis,

150 476 231 514 Pavore
239 482 323 511 somnos
332 468 434 508 auferam.

70 529 115 568 Vos
123 527 189 566 turba
196 523 282 563 vicatim
288 521 339 559 hino
347 518 425 558 ethius
433 516 491 556 saxis
498 519 573 565 petens

152 574 274 615 contundet
282 572 383 611 obscenas
391 579 453 607 anus.

72 632 125 670 Post
132 624 241 676 insepulta
248 623 345 662 membra
352 620 450 659 different
457 617 510 667 lupi,

151 678 180 717 Et
189 674 306 723 Esquiline
315 672 389 710 alites:

74 732 152 781 Neque
160 729 202 766 hoo
210 728 315 775 parentes,
323 722 367 761 heu
375 719 429 759 mihi
437 717 573 768 superstites!

152 776 257 826 Effugerit
265 771 418 825 spectaculum.

275 924 334 964 01)ss
346 922 385 961 vl.

76 1035 141 1077 Qorn
149 1031 284 1070 immerentes
292 1025 387 1074 hospites
395 1032 466 1066 vexas,
479 1019 543 1064 oanis,

154 1082 247 1130 Ignarus
257 1078 370 1116 adversum
377 1073 450 1121 luposs

78 1135 137 1182 Quin
145 1134 189 1171 huo
198 1132 279 1173 inanes,
289 1128 306 1166 si
313 1129 381 1175 potes,
390 1122 455 1161 vertis
462 1119 538 1165 minas,

156 1183 184 1222 Et
191 1192 225 1220 me
233 1186 375 1217 remorsurum
385 1173 452 1223 petisl

79 1236 143 1281 Nsm,
153 1231 222 1282 qualis
230 1234 268 1268 aut
277 1226 388 1271 Molossus,
397 1227 436 1262 sut
443 1221 514 1260 fulvus
522 1219 601 1265 Lsoon,

155 1282 231 1323 Amica
239 1281 270 1318 vis
279 1276 405 1327 pastoribus,

80 1337 148 1386 Agam
156 1345 194 1383 per
202 1332 256 1370 altas
265 1340 316 1368 aure
325 1326 409 1368 sublata
417 1323 483 1369 nives,

155 1384 295 1430 Quaecunque
303 1377 409 1428 praeoedet
417 1375 469 1413 fera.

81 1438 120 1484 Tu,
130 1445 198 1485 quum
206 1431 301 1471 timenda
309 1440 359 1468 voce
368 1425 480 1475 complesti
488 1432 569 1466 nemus,

156 1485 276 1532 Proiectum
284 1479 377 1519 odoraris
386 1477 464 1516 eibum.

82 1539 143 1585 cave,
153 1534 217 1574 cavel
234 1542 326 1579 namque
334 1531 356 1568 in
364 1528 431 1567 malos
440 1523 566 1575 asperrimus

158 1586 235 1624 Psrsta
243 1581 295 1621 tollo
303 1590 393 1623 cornus3

82 1637 158 1687 Qualis
167 1634 280 1684 Lycambae
288 1636 370 1680 spretus
380 1628 445 1668 infido
452 1636 524 1675 gener,

158 1687 203 1725 Ant
213 1696 261 1723 aoer
270 1682 336 1722 hostis
345 1678 435 1729 Bupalo.

84 1740 124 1787 An,
134 1737 208 1786 siquis
217 1739 262 1774 atro
272 1734 335 1772 deute
343 1742 377 1770 me
385 1727 489 1779 petiverit,

159 1787 245 1827 lnultus
252 1788 277 1823 ut
284 1784 340 1822 flebo
348 1781 415 1831 pueri

272 1910 331 1950 ODE
344 1908 394 1947 vn.

178 2014 214 2054 An
228 2011 343 2052 Pornnou
358 2009 491 2048 noussen.

71 2095 138 2141 'Qum
148 2103 190 2140 quo
199 2088 283 2129 scelesti
293 2087 361 2133 ruitis,
370 2090 408 2124 sut
416 2096 454 2124 eur
461 2082 553 2123 dexteris

161 2143 267 2190 Aptantur
275 2149 335 2178 enses
343 2136 438 2177 conditis

87 2196 190 2234 Parumne
199 2190 279 2239 campis
287 2193 351 2237 atquo
359 2188 458 2236 Neptuno
465 2193 529 2232 snper

162 2244 241 2283 suumn
249 2244 282 2280 est
290 2239 360 2279 Latini
368 2235 491 2285 sanguinis?
