1562 2568
135 192 172 230 tes
297 190 322 237 Q.
342 188 466 229 nostru
480 188 579 228 FLACCI

133 305 228 345 Tractari
234 315 278 344 non
284 305 341 343 vult:
351 305 374 343 in
381 315 452 343 amore
457 304 504 342 haec
509 308 559 343 sunt
565 302 635 350 mala;
645 304 729 349 beilum,

134 357 179 396 Pax
189 367 278 401 rursum,
287 355 334 394 haec
342 356 361 393 si
368 356 416 403 quis
423 356 554 404 tempestatis
560 365 628 403 prope
636 356 680 395 ritu

133 406 229 451 Mobilis,
236 412 258 445 et
265 416 321 444 caeca
329 406 435 444 fluitantia
442 410 504 451 sorte,
514 405 597 443 laboret

134 457 231 495 Reddere
239 460 297 495 certa
304 456 352 501 sibi,
361 455 429 495 nihilo
437 455 485 505 plus
491 455 592 504 explicet,
601 457 654 495 acsi
696 456 732 495 27⁰

134 507 231 546 insanire
239 510 299 555 paret
306 510 364 545 certa
371 507 453 545 ratione
461 507 573 555 modoque.

133 558 204 598 Quid?
218 568 284 606 quum
294 556 376 595 Picenis
383 567 499 605 excerpens
507 557 589 595 semina
602 557 680 606 pomis,

134 608 225 655 Gaudes,
233 608 251 646 si
259 618 365 646 cameram
373 608 465 656 percusti
473 607 533 650 forte.
557 618 608 645 enes
617 611 639 645 te
648 609 686 646 esi

134 658 190 703 Quid
199 659 206 696 i
220 668 286 706 quum
295 658 360 696 balba
367 657 417 696 feris
426 618 575 696 ennosoverza
583 657 664 706 palato,

133 708 259 746 AEdiiicsnte
267 719 327 747 casas
335 707 371 756 qui
382 708 465 746 saniori
492 708 552 746 Adde
562 719 661 746 cruorem

133 758 241 805 Stultius,
255 763 319 807 atque
334 760 406 807 ignem
421 758 493 807 gladio
506 762 600 797 scrutare
614 759 687 805 modo,
705 758 738 796 in·

199 820 256 847 uem.

133 820 224 898 Hellgde
232 870 332 908 percussa
341 859 422 898 Marius
431 870 497 908 quum
505 858 626 907 precipitat
634 871 665 906 se,

133 909 225 949 Cerritus
235 911 290 949 fuiti
304 921 332 949 an
340 914 452 948 commotae
461 910 549 948 crimine
556 910 636 948 mentis

134 960 236 1000 Absolves
244 961 358 1006 hominem,
368 964 390 999 et
398 959 482 999 sceleris
490 960 602 999 damnabis
609 961 712 1003 eundem.

134 1011 168 1049 Ex
176 1022 234 1050 more
242 1011 352 1059 imponens
360 1014 451 1058 cognata
457 1010 562 1049 vocabula
567 1011 633 1049 rebus
640 1012 648 1050 i
699 1010 738 1049 280

134 1061 254 1101 Libertinus
263 1067 314 1107 erat,
326 1060 364 1110 qdi
370 1062 449 1100 circum
458 1061 550 1110 compita
557 1061 628 1100 siccus

135 1112 209 1151 Lentis
216 1123 279 1151 mane
288 1123 354 1151 senex
361 1112 460 1151 manibus
469 1112 577 1156 currebat;
593 1116 620 1157 et,
631 1111 712 1157 Unum,

135 1162 242 1208 Quiddsm
250 1173 352 1211 magnum
360 1163 448 1206 addens,
457 1173 525 1200 unum
533 1173 568 1200 me
576 1163 660 1210 surpite
668 1161 739 1207 morti,

135 1212 182 1251 Diis
191 1213 270 1251 etenim
278 1213 341 1252 facile
350 1217 388 1259 est,
400 1213 485 1251 orabat:
501 1223 566 1251 senus
574 1213 675 1261 utrisque

135 1263 229 1302 Auribus
237 1267 301 1311 etque
309 1263 385 1308 oculis;
401 1267 501 1309 mentem,
511 1262 552 1301 nisi
560 1263 676 1311 litigiosus,

136 1313 362 1412 Excipelrggsdommm
378 1325 444 1363 quum
461 1314 574 1352 venderet:
595 1313 638 1353 hoc
653 1324 740 1364 quoque
759 1356 762 1359 ,

185 1374 214 1402 vu

135 1413 264 1463 Chrysippus
273 1414 334 1463 ponit
340 1415 433 1453 fecunde
439 1413 463 1452 in
470 1418 532 1461 gente
541 1413 638 1452 Meneni.

135 1464 225 1513 Jupiter,
233 1465 330 1513 ingentes
338 1465 375 1514 qui
384 1466 421 1504 des
429 1464 547 1513 adimisque
554 1463 648 1512 dolores,

137 1515 207 1553 Mater
215 1515 246 1553 eit
253 1516 314 1564 pueri
321 1527 404 1555 menses
410 1517 455 1563 J'am
463 1516 558 1563 quinque
567 1516 676 1563 cubantis,

138 1565 221 1614 Frigida
229 1565 248 1604 si
254 1577 345 1615 puerum
353 1571 458 1615 quartana
465 1565 580 1614 reliquerit,
590 1566 629 1604 ilic
704 1568 741 1606 isc

138 1615 202 1655 Mane
211 1615 251 1662 die,
261 1627 303 1664 quo
312 1621 336 1655 tu
343 1617 418 1655 indicis
423 1616 512 1664 jejunia,
522 1616 593 1654 nudus

138 1665 165 1705 In
173 1667 245 1706 Tiberi
253 1667 328 1705 stabit:
342 1678 404 1706 casus
410 1667 529 1705 medicusve
537 1666 614 1704 levarit

137 1716 226 1766 AEgrum
235 1728 262 1756 ex
270 1717 379 1766 praecipiti,
389 1721 457 1754 mater
465 1716 532 1755 delira
539 1717 626 1755 necabit

137 1767 165 1805 ln
173 1767 243 1816 gelida
253 1768 321 1806 fixum
329 1768 382 1816 ripa,
391 1767 509 1815 febrimque
517 1767 612 1805 reducet.

138 1818 213 1863 Quone
222 1817 278 1856 malo
286 1823 379 1856 mentem
388 1818 502 1857 concussa?
515 1818 590 1855 timore
601 1817 706 1861 Deorum,
760 1852 761 1857 ,

137 1868 191 1907 Haec
198 1868 251 1907 mihi
260 1869 372 1907 Stertinius
380 1869 499 1917 sapientum
507 1871 595 1906 octavus
603 1870 676 1909 amico

138 1918 204 1957 Arma
212 1919 277 1964 dedit,
283 1918 372 1967 posthac
380 1930 407 1957 ne
414 1918 552 1966 compellerer
558 1918 649 1957 inultus.
759 1958 760 1963 ,

138 1968 222 2007 Dixerit
230 1970 329 2008 insanum
338 1969 375 2017 qui
383 1980 424 2014 me,
434 1969 523 2007 totidem
531 1969 616 2015 audiet;
631 1974 699 2022 atque

139 2018 252 2066 Respicere
260 2019 331 2066 ignoto
339 2020 407 2058 discet
413 2020 529 2067 pendentia
537 2023 603 2066 tergo.

138 2068 214 2113 Stoice,
223 2074 270 2117 post
278 2069 380 2107 damnum
388 2069 418 2107 sic
426 2069 506 2108 vendas
514 2070 586 2107 omnia
594 2069 665 2118 pluris
673 2084 679 2110 t
706 2074 741 2112 ³⁰0
758 2048 759 2097 ¹

138 2117 187 2162 Qua
194 2129 228 2156 me
238 2117 328 2157 stultitia
337 2120 448 2167 (quoniam
457 2130 500 2157 non
508 2125 541 2158 est
547 2131 616 2167 genus
625 2124 706 2171 unum)

138 2166 234 2205 insanire
242 2169 317 2215 putari
331 2180 370 2216 ego
378 2179 427 2207 narn
435 2169 509 2208 videor
516 2169 571 2208 mihi
579 2181 655 2212 sanus.
755 2176 758 2223 i

138 2216 209 2262 Qutdr
218 2221 282 2266 ceput
290 2217 407 2259 abscissum
412 2219 512 2259 manibus
517 2231 584 2269 quum
590 2226 665 2270 portat
672 2225 739 2273 Agere
756 2228 757 2237 ²
