1562 2568
125 196 165 239 lot
292 195 318 241 Q.
333 192 458 232 flousrll
473 193 573 234 Funccl

125 309 223 349 Gaudeat
234 313 259 348 ut
266 308 357 358 populus
366 309 445 347 Priami
455 309 594 357 Priamusque
605 309 719 355 inhumato,

125 361 166 400 Per
173 370 236 409 quem
245 364 277 399 tot
281 362 369 409 iuvenes
377 360 447 408 patrio
454 370 541 397 caruere
549 359 661 408 sepulcro?

125 411 185 450 Mille
194 411 265 449 ovium
272 411 360 449 insanus
367 411 431 448 morti
439 410 503 454 dedit,
512 409 619 457 inclytum
630 411 721 460 Ulyssem

125 462 153 499 Et
162 461 284 500 Menelaum
292 471 336 499 una
347 472 432 499 meeum
440 472 462 499 se
471 460 567 498 occidere
574 461 677 500 clamans.
753 478 754 481 ¹

123 512 157 551 Tu
165 522 231 560 quum
242 523 280 560 pro
288 511 356 550 vitula
362 512 438 550 statuis
445 511 530 549 dulcem
539 510 619 550 Aulide
627 517 698 551 natam

123 562 179 603 Ante
188 573 241 605 aras.
250 563 373 611 spargisque
380 560 438 600 mola
445 564 515 609 caput.
524 562 629 610 improbe,
636 562 697 606 salsa,
753 608 754 611 Ἴ

122 612 215 651 Rectum
227 613 293 650 animi
307 614 391 652 servent
417 613 523 658 Quorsum
537 613 642 652 insanust
668 612 723 659 Quid
753 650 754 667 χ

173 663 231 700 enlm
240 663 295 711 Ajsx
686 665 721 703 2⁰1

124 713 189 758 Fecit,
198 724 266 760 quum
274 713 348 752 stravit
355 713 494 761 ferropecusi
521 713 632 752 Abstinuit
638 714 681 752 vim

121 763 194 802 *Uxore
203 768 225 802 et
232 768 302 811 gnato
312 763 369 802 mula
377 762 445 802 multa
453 767 550 811 precatus
559 764 648 803 Atridis.

125 813 173 852 Non
181 813 218 852 ille
226 818 264 852 eut
270 815 381 859 Teucrum,
392 817 430 852 aut
436 814 507 862 ipsum
514 813 603 852 violavit
612 814 715 863 Ulyssem.

123 863 203 903 verum
211 876 256 912 ego,
266 869 289 903 ut
298 865 403 903 haerentes
411 865 498 902 adverso
506 864 529 901 in
535 864 598 903 litore
606 876 672 905 naves

124 913 239 964 Eriperem,
249 916 342 964 prudeus
349 914 431 964 placavi
439 915 542 962 sanguine
549 915 622 954 Divos.

125 965 206 1014 Nempe
215 970 258 1010 tuo,
267 965 352 1003 furiose.
380 965 436 1010 Meo,
446 965 533 1003 sednon
541 965 643 1005 furiosus.

118 1015 166 1061 -Qui
174 1016 255 1064 species
263 1016 315 1054 alias
323 1016 368 1054 veri
376 1014 508 1063 scelerisque,
518 1015 615 1054 tumultu

124 1065 243 1113 Permistas,
252 1067 328 1115 capiet,
337 1069 455 1104 commotus
462 1066 585 1107 habebitur:
600 1070 672 1115 atque,

123 1116 244 1155 stultitiane
253 1121 314 1161 erret,
323 1115 414 1154 nihilum
422 1116 515 1159 distabit,
525 1126 553 1154 an
562 1117 600 1154 ira.
685 1117 722 1155 21⁰

123 1168 185 1215 Alex,
195 1179 262 1216 quum
269 1168 386 1206 immeritos
394 1166 476 1209 occidit,
486 1166 570 1215 desipit,
579 1177 659 1215 agnon

117 1218 195 1263 uuum
204 1219 296 1266 prudens
305 1217 373 1256 scelus
381 1217 408 1255 ob
417 1216 489 1254 titulos
498 1217 593 1255 admittis
601 1218 684 1261 inanes.
752 1246 753 1249 η

123 1268 170 1308 Stas
181 1269 265 1307 animo?
278 1272 300 1306 et
307 1279 385 1317 purum
393 1272 425 1305 est
432 1267 483 1306 vitio
488 1267 534 1313 tibi,
541 1278 609 1315 quum
615 1268 722 1307 tumidum

172 1322 211 1362 est,
222 1320 270 1357 cori
754 1328 755 1331 ’

117 1368 144 1407 si
153 1369 200 1417 quis
209 1370 284 1408 lectica
291 1368 381 1407 nitidem
389 1371 470 1415 gestare
479 1371 537 1406 amet
545 1376 631 1415 agnam,

122 1418 180 1457 Huic
187 1424 267 1458 vestem
275 1423 300 1457 ut
307 1423 377 1467 gnatae
385 1423 452 1466 paret,
461 1417 549 1456 ancillas
555 1423 623 1466 paret,
633 1429 717 1464 eurum,

124 1468 203 1508 Rufum
212 1474 234 1507 et
242 1469 344 1509 Pusillum
352 1468 451 1518 appellet,
460 1468 551 1516 fortique
560 1469 639 1508 morito

123 1519 221 1558 Destinet
228 1530 316 1560 uxorem
323 1533 328 1564 ;
342 1519 454 1558 interdicto
462 1519 512 1558 huic
520 1530 584 1558 omne
592 1520 716 1569 adimstjus

123 1569 209 1615 Praetor,
219 1574 241 1609 et
248 1572 276 1609 ed
284 1582 346 1609 sanos
355 1571 418 1608 abeat
426 1568 493 1608 tutela
500 1570 638 1618 propinquos.

117 1620 196 1666 Quict
209 1621 228 1659 si
237 1622 284 1669 quis
291 1626 377 1669 gnsmm
386 1631 424 1669 pro
432 1624 492 1658 muta
499 1621 589 1659 devovet
596 1631 660 1669 agne,

123 1670 208 1719 Integer
218 1676 250 1710 est
258 1672 336 1710 animi?
345 1682 373 1709 ne
381 1671 467 1709 dixeris.
487 1671 547 1718 Ergo,
557 1671 595 1709 ubi
602 1682 671 1719 prava
686 1671 722 1710 22⁰

118 1722 223 1767 Stultitia,
232 1721 267 1761 hic
275 1727 308 1760 est
315 1732 400 1765 summa
406 1721 500 1760 insanie:
515 1720 552 1769 qui
558 1721 684 1768 sceleratus,

123 1772 151 1810 Iit
160 1772 251 1812 furiosus
257 1773 308 1817 erit;
322 1783 385 1820 quem
394 1773 450 1821 cepit
457 1772 524 1810 vitrea
531 1772 595 1817 fama,

121 1822 186 1861 Hunc
194 1823 345 1862 circumtonuit
351 1824 446 1871 gaudens
455 1821 543 1861 Bellona
550 1823 653 1861 cruentis.

124 1872 186 1912 Nunc
194 1885 239 1921 age,
248 1873 355 1911 luxuriam
361 1877 383 1911 et
391 1874 549 1912 Nomentanum
555 1874 723 1921 urripemecum.

121 1922 199 1962 Vincet
206 1924 263 1962 enim
271 1923 346 1962 stultos
354 1924 408 1962 ratio
416 1924 509 1962 insanire
518 1928 612 1971 nepotes.

120 1971 163 2012 Hic
171 1974 235 2012 simul
242 1975 324 2022 accepit
331 1974 445 2023 patrimoni
452 1973 511 2012 mille
519 1972 606 2019 talenta,

122 2022 198 2070 Edicit,
207 2024 299 2071 piscator
305 2025 344 2068 uti,
353 2025 466 2074 pomarius,
476 2035 559 2072 auceps,

121 2071 286 2119 Unguentarius,
293 2084 318 2112 ac
327 2075 390 2113 Tusci
396 2076 460 2113 turba
468 2074 534 2123 impia
540 2074 589 2119 vici,

120 2121 174 2159 Cum
183 2124 260 2161 scurris
267 2124 339 2169 fartor,
345 2135 395 2162 cum
405 2125 496 2163 Velabro
504 2136 567 2164 omne
575 2124 701 2169 macellum,

122 2169 288 2213 Menedemum
301 2175 394 2213 venient
420 2176 477 2217 Quid
489 2177 550 2214 tumi
582 2175 668 2216 Venere
681 2176 723 2215 ire·

171 2226 267 2268 quentes.
685 2228 723 2265 ‘23⁰
