1520 2572
194 173 356 215 CARMINUM
370 177 425 216 LlB.
439 178 476 216 lv.
609 184 632 221 ti

85 289 196 329 Primusve
204 289 286 329 Teucer
294 290 337 329 tela
346 291 439 339 cydonio

84 339 171 379 Direxit
177 351 242 380 arcu:
260 351 304 380 non
313 341 379 381 semel
388 341 439 381 ilios

111 390 206 429 Vexata:
220 402 263 430 non
271 393 374 440 pugnavit
380 392 455 441 ingens

136 442 264 480 Idomeneus
273 442 411 482 Sthenelusve
418 443 476 484 solus

85 490 181 531 Dicenda
189 492 257 531 Musis
265 492 351 542 proelia:
366 505 409 533 nou
417 494 479 534 ferox

84 541 169 588 Hector,
178 542 213 582 vel
219 553 268 582 acer
276 543 398 593 Deiphobus
406 556 479 594 graves

110 592 201 643 Excepit
208 593 263 633 ictus
271 604 309 642 pro
317 595 400 643 pudicis

133 644 263 693 conjugibus
271 645 384 693 puerisque
395 646 482 694 primus.

83 693 161 733 Vixere
166 694 233 734 fortes
240 698 289 734 ante
298 696 457 744 Agamemnona

82 744 157 790 Multi5
175 746 213 785 sed
221 756 294 785 omnes
301 745 458 787 illacrimabiles

107 794 221 843 Urgentur,
229 795 337 845 ignotique
345 796 408 846 longa

11 860 12 887 ς
133 845 207 893 Nocte,
216 851 289 886 carent
296 848 348 896 quia
359 852 407 887 vate
415 858 481 889 sacro.

81 895 180 935 Paullum
188 896 277 946 sepultis
285 898 350 937 distat
356 898 439 938 inertiae

82 946 155 985 Celata
162 947 236 986 virtus.
262 947 311 986 Non
319 960 358 997 ego
366 953 387 988 te
395 950 449 989 meis

106 997 190 1037 charus
197 997 320 1037 inornatum
327 999 401 1046 silebo,

131 1048 198 1087 'l'otve
206 1052 254 1087 tuos
261 1049 331 1098 patiar
338 1049 421 1089 labores

81 1096 179 1148 Impune,
189 1098 250 1145 Lolli,
259 1110 344 1149 carpere
352 1099 427 1140 lividus

11 1154 13 1187 i
81 1148 211 1188 obliviones.
237 1149 368 1189 Estauimus
376 1151 416 1189 tibi

81 1198 204 1249 Rerumque
212 1200 311 1249 prudens,
322 1204 344 1239 et
352 1202 451 1241 secundis

129 1250 270 1300 Temporibus
278 1252 389 1300 dubiisque
396 1257 479 1292 rectust

81 1299 166 1340 Vindex
173 1311 242 1341 avarae
250 1302 337 1348 fraudis,
346 1307 369 1341 et
376 1303 484 1343 abstinens

80 1350 182 1391 Ducentis
191 1353 219 1391 etl
226 1363 250 1391 se
258 1357 335 1392 eunota
342 1354 440 1402 pecuniae
448 1367 453 1392 :

103 1401 226 1451 consulque
233 1413 277 1442 nou
284 1404 348 1442 unius
356 1405 415 1449 anni,

129 1454 171 1492 Sed
179 1453 262 1502 quoties
270 1454 337 1493 bonus
345 1458 410 1504 atque
416 1455 472 1495 fidus

79 1502 150 1543 ludex
156 1503 271 1543 honestum
278 1504 373 1553 praetulit
380 1505 435 1552 utili,
445 1510 467 1545 et

80 1552 162 1603 Reiecit
169 1554 214 1593 alto
223 1554 279 1593 dona
285 1556 407 1594 nocentium

102 1605 177 1651 Vultu,
187 1609 210 1643 et
216 1615 254 1653 per
260 1605 369 1645 obstantes
377 1610 471 1647 catervas

127 1654 239 1705 Explicuit
247 1665 286 1695 suu
293 1657 360 1695 victor
367 1667 434 1696 arma.

79 1705 126 1744 Non
134 1706 278 1756 possidentem
286 1707 355 1747 multa
362 1710 469 1748 vocaveris

79 1755 144 1796 Recte
151 1757 251 1796 beatum:
265 1758 343 1797 rectius
351 1763 441 1808 occupat

102 1807 186 1846 Nomen
195 1807 259 1853 beati,
274 1808 310 1857 qui
320 1809 414 1848 Deorum

127 1857 254 1897 Muneribus
262 1859 368 1908 sapienter
374 1860 414 1905 uti,

16 1908 17 1929 l
79 1905 273 1958 Dursmquecaiiet
295 1910 402 1959 superlem
411 1910 462 1959 pati,

16 1946 17 2009 f
79 1956 256 2048 uqussqueffitou
274 1960 420 2050 &onae

126 2021 426 2111 Agipaffrixuutjimidusmp'eliffisse.
