1562 2568
24 268 90 377 ii·

102 184 139 222 tte
266 182 291 227 Q.
310 178 434 219 nonem
448 176 546 217 enecet

103 298 212 337 clerorum
220 299 328 346 appetent
355 294 400 333 Nec
407 304 515 332 eermonee
521 303 560 341 ego
568 291 656 332 mallem
663 294 703 332 2⁸⁰

103 348 210 397 Repentee
219 358 255 398 per
262 347 359 390 humum,
368 355 433 393 quem
445 355 479 382 ree
488 353 614 393 componere
624 347 701 392 guter,
779 366 780 369 =

103 400 257 446 Terrarumque
265 398 318 436 eitun
327 399 349 433 et
355 396 446 434 flumine
453 395 531 440 dicere,
540 399 562 432 et
570 404 630 432 ercee

103 450 213 495 Montibus
221 447 336 496 impositae,
344 449 366 484 et
374 445 463 484 barbare
471 456 543 493 regnu,
552 445 639 493 tuteque

102 500 209 549 Auspiciis
216 503 284 537 totum
291 496 387 536 coniecta
395 495 468 534 duella
478 507 516 545 per
524 496 604 540 orbem,

102 550 185 589 Cieuetr
228 559 240 586 e
248 548 357 587 custodem
366 547 425 595 pecie
432 546 555 585 cohibentia
562 545 649 591 lenum,

103 600 130 639 Et
138 560 273 638 formium
282 597 365 636 Parthie
374 601 395 636 te
404 598 500 646 principe
510 596 608 640 Romam,

102 651 131 697 si,
141 654 245 700 quantum
253 659 360 697 cuperem,
369 659 451 697 poeeem
461 656 556 696 quoque;
571 647 610 686 eed
618 656 690 695 neque

151 711 240 750 parrum

102 751 191 790 Carmen
199 750 298 799 mnjeetce
307 749 383 798 recipit
391 752 434 792 tue.
444 759 484 787 nec
492 758 552 786 meuc
560 747 627 786 nudet

102 801 157 840 Rem
166 805 248 840 tentare
256 801 330 850 pudor,
340 810 406 848 quem
413 799 467 838 viree
476 798 530 837 ferre
538 800 645 837 recusent.

101 852 208 891 sedulitas
216 856 288 890 nutem
295 851 366 897 stulte,
375 860 440 898 quem
447 848 523 896 diligit,
532 852 599 897 urget,
664 848 705 886 260

102 903 211 952 Precipue
219 913 286 951 quum
294 913 317 941 ne
325 901 419 940 numeri·
427 899 563 938 commendat
575 903 597 936 et
605 901 662 937 ertet

102 953 170 993 Diecit
177 954 235 992 enim
243 953 306 992 citiue
313 951 453 999 meminitque
461 949 563 989 libentiue
571 948 626 988 illud

101 1003 164 1049 Quod
171 1004 219 1053 quin
228 1004 315 1047 deridet,
325 1013 390 1050 quem
398 1001 455 1051 quod
468 1000 544 1049 probet
551 1004 573 1037 et
580 1002 704 1038 veneretur.

101 1053 137 1092 Nil
145 1065 215 1093 morer
223 1055 316 1093 officinm
325 1053 384 1102 quod
391 1063 426 1091 me
434 1055 514 1100 greyet,
524 1061 549 1089 ee
557 1060 628 1099 neque
636 1049 689 1089 ficte

101 1103 127 1143 ln
136 1106 197 1153 peine
205 1105 266 1144 vultu
274 1104 363 1154 proponi
371 1113 444 1142 cereue
452 1111 549 1150 iuquam,

101 1154 146 1194 Nec
155 1166 220 1204 preve
229 1155 290 1194 fectis
299 1154 391 1193 decorari
400 1153 496 1192 versibus
505 1155 567 1200 opto:

102 1204 134 1244 Ne
142 1206 230 1245 rubeam
239 1206 312 1255 pingui
322 1205 412 1243 donatus
422 1213 517 1247 munere,
526 1205 601 1240 etune

101 1255 154 1294 Cum
163 1257 263 1306 scripture
271 1267 319 1294 meo
328 1266 391 1304 cepee
403 1257 511 1304 porrectue
520 1254 599 1301 aperte,

102 1306 190 1345 Deierer
198 1308 220 1344 in
228 1307 299 1346 vicum
307 1306 435 1344 vendentem
445 1308 479 1342 tue
488 1306 510 1342 et
517 1303 598 1346 oderes,

102 1356 129 1395 lit
137 1358 203 1406 piper,
213 1362 235 1396 et
242 1356 346 1405 quidquid
359 1355 437 1395 chartis
446 1354 544 1392 amicitur
551 1351 637 1401 ineptis.
665 1352 705 1391 2⁷0

309 1532 448 1572 EPISTOLA
462 1531 492 1570 11.

272 1636 308 1676 An
321 1637 415 1676 Junruu
429 1637 536 1676 Fnonnu.
587 1662 589 1666 v

100 1713 188 1759 Pione,
197 1713 254 1751 bono
262 1712 361 1761 cleroque
368 1710 438 1751 fidelis
446 1711 513 1750 amice
522 1710 610 1756 Neroni,

101 1764 122 1801 Si
131 1763 178 1812 quie
189 1763 242 1802 forte
251 1764 303 1801 velit
310 1774 400 1812 puerum
409 1762 547 1800 tibi-vendere
555 1765 630 1800 netum

100 1813 179 1852 Tibure
187 1813 221 1852 vel
231 1814 309 1857 (labile,
319 1816 341 1851 et
349 1818 420 1851 tecum
427 1813 459 1851 sic
467 1816 528 1860 eget:
544 1813 558 1833 ‘⁴
566 1812 608 1851 liic
616 1816 639 1850 et

100 1864 208 1902 Candidus
214 1868 236 1903 et
244 1864 298 1902 telon
307 1874 320 1900 e
328 1863 406 1902 vertice
415 1863 503 1911 pulcher
511 1863 539 1899 ed
548 1862 609 1905 imos.

101 1913 147 1952 Fiet
155 1915 237 1964 eritque
247 1919 296 1952 tuus
305 1925 439 1952 nummorum
447 1913 543 1951 millibus
552 1918 611 1957 octet

100 1964 171 2003 verne
179 1965 302 2003 ministeriis
310 1966 338 2002 ad
345 1968 410 2003 nntue
419 1968 481 2012 aptus
489 1963 574 2009 heriles,

100 2013 209 2052 Litterulle
218 2015 296 2053 Graecie
304 2015 406 2058 imbutus.
416 2015 505 2053 idoneus
514 2014 555 2052 arti

100 2063 204 2102 Cuilibet:
218 2064 294 2112 argilla
302 2065 386 2114 quidvis
394 2065 511 2104 imitaberis
520 2066 577 2104 ude:

100 2114 157 2158 Quin
166 2115 231 2152 etiam
239 2118 301 2153 canet
309 2116 425 2159 indoctum,
434 2116 473 2154 ned
481 2115 544 2154 dulce
552 2115 642 2154 bibenti.

101 2162 171 2201 Multa
178 2164 242 2202 iidem
250 2166 353 2213 promisee
362 2164 440 2211 levent,
449 2167 486 2204 ubi
495 2166 579 2214 plenius
587 2176 651 2214 oequo
680 2167 704 2207 tu

100 2212 182 2251 Leudet
191 2214 283 2260 veneten,
292 2216 329 2263 qui
338 2216 384 2254 vult
394 2217 514 2263 extrudere,
524 2227 612 2255 mercen.
