1562 2568
205 180 408 221 ErisToLauUM
420 179 477 219 LlB.
486 181 516 219 11.
621 184 658 221 21³

59 297 108 337 uos
115 297 198 344 ediscit,
207 301 229 336 et
238 296 277 335 boa
286 300 342 336 arcto
351 297 429 345 stipata
436 295 525 341 theatro,
634 299 659 336 60

60 349 149 398 Spectat
155 348 224 386 Rome
231 352 317 396 potenm
326 346 392 386 habet
398 346 582 394 hoeuumeratque
587 353 661 396 poetae

60 400 96 438 Ad
105 403 202 438 nostrum
211 401 294 447 tempus
303 397 349 436 Livi
358 399 464 447 scriptoris
472 398 499 436 ab
507 408 560 435 oevo.

60 449 176 489 Interdum
183 448 258 497 vulgua
266 452 347 487 rectum
355 449 425 494 videt3
439 452 471 487 eat
479 448 516 487 ubi
524 451 604 497 peccet.

62 501 85 539 Si
94 504 176 539 veteres
185 500 215 537 ita
221 499 313 537 miratur
321 498 438 548 laudatque
446 504 525 548 poetae,

62 550 94 589 Ut
102 550 157 588 nihil
165 549 275 595 anteferat,
289 549 344 587 nihil
353 549 395 588 illis
403 554 516 599 comparet,
526 552 593 588 errat:

62 601 86 640 si
95 601 194 649 quaedam
203 600 266 639 nimia
275 601 368 649 antique,
377 601 396 639 ei
404 601 504 649 pleraque
512 601 565 639 dure

63 651 141 690 Dicere
149 651 206 689 cedit
212 662 254 695 eoa,
263 652 339 699 ignave
348 650 417 689 multa
424 651 508 696 fatetm,

64 701 93 741 Et
100 702 163 750 sapit,
172 705 194 739 et
201 712 284 740 mecum
292 701 349 742 iacit.
358 705 380 739 et
388 701 440 739 Jove
450 702 533 750 judicat
540 711 609 750 aequo.

64 752 114 790 Non
122 751 221 801 equidem
230 753 327 796 insector,
337 752 453 790 delendave
461 753 556 790 carmina
564 751 611 791 Livi

64 802 117 842 Esse
125 812 178 848 reor,
187 803 276 841 memini
281 804 332 850 q'uae
340 802 451 850 plagosum
459 802 512 840 mihi
521 813 586 851 parvo
637 802 661 841 7⁰

64 853 171 892 Orbilium
179 853 269 895 dictaret
284 854 322 892 sed
329 853 443 891 emendata
450 852 523 896 videri,

6 942 8 949 ,
64 903 206 951 Palemque,
216 907 238 941 et
246 904 326 942 exactis
334 903 447 942 minimum
455 901 561 948 dhmnna,
570 904 641 943 miror.

64 953 125 993 luter
133 963 181 1002 quoe
189 954 277 993 verbum
286 954 372 992 emicuit
380 954 398 992 ei
406 953 459 992 forte
467 953 573 999 decorum,

65 1005 87 1043 Sl
95 1015 168 1043 versus
177 1005 241 1053 paulo
253 1005 376 1043 concinnior
383 1014 439 1041 unus
448 1005 469 1041 et
477 1001 536 1048 alter,

65 1055 149 1104 iniuste
158 1059 226 1095 totum
235 1057 294 1094 ducit
299 1055 414 1102 venditque
422 1064 504 1102 poemat

66 1106 170 1154 Indignor
178 1107 293 1155 quidquam
302 1105 434 1153 reprehendi,
444 1115 486 1141 non
495 1103 547 1152 quia
554 1114 623 1142 cratae

66 1158 210 1207 Compositum
218 1156 329 1204 illepideve
338 1159 429 1204 putetur,
437 1155 475 1194 aed
482 1155 533 1202 quia
541 1165 619 1204 nuper:

67 1209 112 1247 Nec
120 1208 204 1245 veniam
213 1206 312 1254 antiquis,
319 1206 356 1245 sed
363 1206 465 1244 honorem
474 1211 495 1243 et
503 1208 591 1253 praemia
598 1207 662 1254 posci.

67 1258 141 1302 Recte,
150 1269 224 1301 necne,
233 1268 316 1295 crocum
325 1257 428 1305 floresque
440 1256 573 1305 perambulet
581 1257 637 1296 Atre

67 1308 156 1353 Fabula,
165 1310 183 1347 oi
192 1308 293 1352 dubitem,
307 1307 400 1346 olument
408 1307 495 1356 periisse
502 1308 605 1355 pudorem
638 1309 663 1345 80

68 1360 144 1398 cuncti
151 1368 212 1407 plene
220 1363 296 1406 patrer,
309 1369 334 1397 ea
343 1370 408 1407 quum
421 1358 575 1407 reprehendere
584 1368 654 1404 coner,

67 1410 122 1455 Quae
130 1409 198 1457 gravia
207 1407 303 1457 AEsopue,
313 1419 361 1458 quae
370 1410 444 1449 doctus
453 1409 543 1447 Boaciue
551 1408 604 1456 egit:

4 1488 5 1501 ἢ
67 1459 170 1512 Vehquie
178 1458 209 1497 ull
217 1463 306 1505 rectum,
311 1460 352 1499 nini
360 1460 418 1507 quod
425 1459 505 1508 placuit
513 1459 561 1504 eibi,
571 1459 662 1503 duonum

68 1509 114 1554 Vel,
124 1509 175 1557 quia
182 1513 243 1558 turpe
250 1514 327 1558 putent
335 1521 408 1559 parere
416 1510 539 1555 minoribus,
549 1514 571 1548 et
578 1519 626 1558 quae

68 1560 162 1600 imberbi
170 1560 268 1605 didicere,
279 1571 340 1599 senes
350 1561 457 1609 perdenda
469 1560 537 1598 fateri.

68 1610 118 1649 sem
127 1609 206 1647 Saliare
215 1610 292 1649 Numae
300 1621 385 1648 carmen
393 1611 431 1658 qui
438 1610 519 1654 laudat,
528 1613 550 1647 et
556 1609 617 1655 illud,

69 1661 131 1702 Quod
138 1670 222 1698 mecum
230 1660 319 1707 ignorat.
327 1660 383 1699 aolus
391 1659 438 1698 vult
445 1660 497 1698 seire
505 1660 581 1704 videtu

69 1710 163 1760 ingeniis
171 1720 213 1747 non
223 1709 259 1746 ille
267 1709 324 1749 favet
332 1710 455 1759 plauditque
463 1708 558 1757 sepultis,

70 1761 147 1803 Nostra
155 1760 192 1798 aed
201 1760 317 1808 impugnat,
329 1772 367 1799 nos
375 1765 488 1808 nostreque
496 1759 574 1798 lividua
582 1759 632 1798 odit

69 1812 132 1858 Quod
141 1811 158 1849 si
167 1815 211 1847 tam
223 1809 291 1849 Graiis
300 1811 381 1849 novitas
390 1810 458 1848 invisa
466 1809 546 1855 fuisset,

70 1864 140 1910 Quam
156 1861 223 1906 nobis,
241 1861 293 1909 quid
308 1872 365 1900 nuno
381 1865 437 1899 esaet
452 1860 525 1898 vetunt
551 1863 589 1899 aut
601 1861 652 1908 quid

119 1912 162 1950 hab
175 1922 198 1949 re

71 1962 133 2010 Quod
140 1915 219 2009 regerss't
226 1965 344 2010 tereretque
353 1961 430 2000 viritim
438 1959 536 2009 publicus
548 1958 616 2001 uada?
641 1914 701 2015 9ιὶ

71 2013 199 2063 erpuinum
207 2013 281 2061 positio
291 2012 366 2061 nugari
375 2012 456 2050 Graecia
464 2011 525 2050 bellis

72 2063 147 2113 Ooepit,
155 2067 177 2101 et
183 2063 205 2101 ln
214 2063 289 2101 vitium
297 2063 382 2102 fortuna
390 2062 457 2102 labier
465 2072 534 2111 mque,

73 2112 135 2163 Nunc
143 2113 270 2154 athletarum
278 2114 361 2158 studiis,
370 2124 427 2151 nunc
435 2114 486 2151 eruit
494 2124 607 2162 equorum:

73 2162 183 2209 Mentoris
191 2168 229 2204 aut
237 2166 305 2204 eboris
312 2165 383 2204 fabros
391 2169 428 2202 aut
436 2164 484 2202 teria
491 2164 582 2202 amavit:

70 2212 186 2266 impendit
193 2216 250 2266 picta
257 2215 341 2256 vultum
351 2220 487 2264 mentemque
495 2214 585 2260 tubeller
