1520 2572
210 183 386 223 sarranium
399 183 454 222 ΠΒ.
469 182 487 221 1.
613 183 648 223 147

52 298 133 337 Urbem
146 298 250 344 defricuit,
259 299 333 338 charta
340 299 441 339 laudatur
448 299 531 337 eadem.

52 349 98 389 Nec
112 354 184 388 tamen
199 349 240 388 hcc
250 351 352 396 tribuens,
367 350 462 390 dederim
470 359 556 399 quoque
568 352 650 397 cetera,

102 411 154 439 nam
161 412 191 439 sic

52 449 80 488 lit
89 450 166 489 Laberi
174 450 256 495 mimos,
266 456 291 490 ui
298 451 387 500 pulchra
393 454 499 501 poemata,
505 450 576 489 mirer.

53 500 108 548 Ergo
119 512 162 540 non
170 502 220 540 satis
229 507 267 547 est,
276 503 320 540 risu
328 503 427 541 diducere
434 502 512 541 rictum
675 534 687 559 0

51 551 161 590 Auditcria
169 554 199 598 (et
203 556 236 591 est
243 554 341 600 quiedam
346 557 419 591 tamen
426 553 462 591 hic
469 563 554 601 quoque
562 552 650 599 virtus),

52 601 91 640 Est
99 602 201 642 brevitate
209 613 268 651 opus,
277 607 302 641 at
310 607 380 641 currat
387 604 499 648 sententia,
508 613 551 642 neu
559 613 582 642 se

8 682 9 685 ,
53 651 159 701 Impediat
168 653 237 691 verbis
245 652 311 690 lassas
319 654 455 691 onerantibus
464 664 536 698 aures;
626 654 652 691 io

53 702 81 740 Et
90 714 187 741 sermone
195 713 249 750 opus
257 706 290 740 eat
299 704 362 740 modo
370 703 432 748 tristi,
442 714 498 752 saepe
506 705 585 751 jocoso,

52 752 186 792 Defendente
195 753 263 790 vicem
270 753 333 790 modo
341 753 430 791 rhetoris
438 758 501 801 atque
507 758 583 802 poeta,

52 803 164 842 Interdum
171 803 255 847 urbani.
265 804 370 850 parcentia
377 803 464 848 viribus,
474 807 537 851 atque

52 854 195 893 Extenuantis
204 864 240 891 aas
247 852 350 892 consulta.
377 852 501 891 Ridiculum
509 854 552 892 acri

52 904 136 944 Fortius
145 909 167 942 et
174 904 251 943 melius
259 914 347 951 magnas
354 902 479 951 plerumque
487 907 545 942 secat
555 915 595 943 rea.

52 955 95 1001 llli,
105 956 183 1004 scripta
190 956 268 1004 quibus
277 954 381 992 ccmoedia
389 953 458 1002 prisca
465 953 516 992 viris
524 957 562 1001 eat,

52 1006 99 1045 Hoc
108 1006 199 1051 stabant,
208 1006 249 1044 hcc
255 1008 306 1043 sunt
313 1004 417 1049 imitandi,
426 1014 478 1051 quos
487 1015 556 1052 neque
564 1003 652 1053 pulcher

52 1055 198 1104 Hermogenes
206 1066 302 1105 unquam
310 1055 367 1104 legit,
378 1065 447 1102 neque
456 1053 530 1092 simius
538 1054 585 1101 iste,

8 1132 9 1139 ,
52 1106 89 1145 Nil
98 1111 175 1155 praeter
183 1106 271 1145 Calvum
280 1111 301 1145 et
309 1107 384 1145 doctus
391 1108 477 1143 cantare
486 1104 601 1143 catullum.

51 1156 80 1195 At
87 1157 252 1205 magnumieeit,
262 1158 319 1206 quod
324 1156 393 1195 verbis
403 1155 477 1195 (iraeca
486 1154 566 1193 Latinis
625 1155 651 1194 20

52 1207 146 1246 Miscuit
173 1208 191 1245 0
199 1209 240 1246 seri
249 1206 378 1247 studiorum!
392 1207 458 1255 quine
481 1205 546 1244 utetis

53 1257 145 1297 Difficile
154 1259 266 1305 emirum,
277 1258 361 1297 Rhodio
369 1258 427 1306 quod
436 1257 459 1296 Pi
497 1256 565 1295 leonti

51 1309 157 1357 Contigit?
184 1309 212 1347 At
219 1320 288 1348 sermo
297 1309 370 1358 lingua
378 1308 494 1347 concinnus
502 1312 592 1355 utraque

52 1359 148 1403 suavior,
157 1363 182 1397 ut
190 1359 243 1398 Chio
251 1364 301 1399 nota
309 1361 327 1399 si
335 1360 450 1399 commixta
459 1357 544 1397 Falerni
554 1362 593 1397 ast.

51 1410 124 1450 Quum
130 1420 203 1449 versus
210 1409 282 1456 iacias,
292 1415 312 1449 te
321 1412 390 1460 ipsum
400 1413 517 1459 percontor,
523 1419 551 1448 an
558 1413 652 1457 etquum

52 1461 112 1499 Dura
121 1460 158 1498 tibi
182 1463 287 1509 eragenda
294 1462 324 1500 rei
333 1462 361 1500 sit
368 1471 432 1499 causa
442 1459 526 1498 Petillii

51 1510 138 1550 Scilicet
145 1472 223 1550 obiitus
230 1513 347 1560 patriaeque
355 1512 463 1560 patrisque
472 1510 550 1556 Latini,

51 1562 124 1607 Quum
133 1560 210 1600 Pedius
219 1572 293 1601 causas
301 1563 392 1601 exsudet
400 1561 517 1608 Publicola,
527 1565 591 1610 atque

51 1612 160 1656 Corvinus,
169 1612 242 1660 patriis
250 1612 393 1650 intermiscere
401 1613 468 1660 petita

52 1662 123 1701 Verba
134 1661 185 1701 ioris
193 1662 261 1707 malis,
272 1662 372 1701 Canusini
380 1672 438 1700 more
446 1660 561 1709 bilinguis?
625 1661 650 1699 30

50 1714 124 1762 Atqui,
134 1724 173 1760 ego
182 1723 248 1761 quum
255 1713 339 1751 Graecos
347 1712 445 1757 iacerem,
454 1716 517 1750 natus
525 1721 584 1750 mars
591 1712 649 1757 citra,

50 1763 178 1808 Versiculos,
187 1762 255 1801 vetuit
262 1762 301 1800 tali
309 1774 343 1800 me
351 1773 402 1801 voce
411 1762 519 1807 Quirinus,

51 1813 102 1854 Part
109 1814 203 1853 mediam
211 1817 294 1852 noctem
302 1812 367 1858 visus,
376 1823 443 1861 quum
450 1811 533 1851 somnia
540 1822 590 1852 vara
598 1824 603 1850 z

51 1866 65 1886 ‘⁴
72 1865 99 1904 ln
108 1864 184 1904 silvam
192 1874 235 1902 non
243 1863 302 1913 ligna
309 1863 364 1901 feras
372 1863 475 1907 insanius,
485 1872 510 1900 ac
518 1863 537 1900 si

50 1915 140 1964 Magnas
150 1916 272 1954 Grecomm
280 1913 342 1953 malis
349 1912 436 1962 implere
445 1911 560 1951 catervas.'’

51 1966 156 2015 Turgidus
166 1964 346 2014 Alpinusjngulat
354 1965 405 2002 dum
414 1963 537 2008 Memnona,
546 1963 641 2013 dumque

51 2015 144 2065 nsangrr
152 2015 224 2055 Rheni
232 2015 315 2055 luteum
322 2019 397 2064 caput;
408 2014 455 2053 haec
463 2024 502 2062 ego
510 2013 568 2060 ludo,

51 2068 104 2113 Qua
112 2067 181 2106 necin
187 2067 233 2106 aeda
242 2070 318 2105 sonent
325 2064 434 2111 certantia,
441 2065 513 2113 judice
524 2065 603 2114 'l'arpa;

52 2117 96 2157 Nec
103 2118 192 2157 redeant
199 2118 276 2156 iterum
281 2117 426 2166 atqueiterum
434 2117 549 2164 spectanda
553 2116 648 2156 theatris.

52 2167 132 2218 Arguta
139 2169 248 2207 meretrice
256 2172 322 2217 potss,
332 2168 433 2215 Davoque
442 2165 554 2206 Chremata
622 2169 647 2205 40

53 2218 157 2259 Eludente
165 2229 244 2265 senem,
251 2230 321 2259 comes
329 2218 407 2268 garrire
415 2216 505 2263 libellos,
