1520 2572
407 30 412 53 i

114 162 138 199 88
268 160 293 206 Q.
307 158 430 198 HORATll
443 158 542 198 FLAccr

166 274 266 324 spiritum
275 275 367 313 Phoebus
375 273 435 321 mihi,
445 273 537 313 Phoebus
546 278 614 313 artem

166 325 275 372 Carminis,
285 335 404 385 nomenque
413 325 472 364 ded1t
479 329 554 374 pcetae

167 376 277 425 virginum
285 377 365 426 primae,
374 377 476 425 puerique
485 376 547 415 claris

317 426 413 465 Patribus
422 426 467 472 orti,

168 476 235 516 Deliae
243 475 310 516 tutela
319 477 376 523 Deae,
385 477 471 526 fugaces

166 527 248 576 Lyncus
256 532 278 567 et
285 539 355 567 cervos
364 527 481 566 cohibentis
489 537 546 572 areu,

167 579 267 618 Lesbium
275 582 355 618 servate
363 579 445 627 pedem,
454 578 539 627 meique

318 629 401 667 Politeia
409 629 483 673 ictum,

168 679 217 719 Rite
226 679 312 718 Latonae
321 690 411 728 puerum
419 682 525 724 canentes,

168 730 217 768 Rite
225 735 354 772 crescentem
362 730 408 769 fece
417 729 558 775 Noctilucam,

168 781 291 830 Prosperum
299 781 390 828 frugum,
399 779 531 827 celeremque
538 790 615 828 pronos

321 831 410 869 Volvere
418 841 508 868 menses.

169 882 242 932 Nupta
247 883 292 931 jum
301 882 368 920 dices.
384 882 428 930 Ego
438 880 476 920 Dis
485 881 584 925 amicum,

167 933 251 972 seculo
260 933 324 972 festas
332 932 436 971 referente
444 931 509 976 luces,

169 983 261 1023 Reddidi
271 993 363 1028 cannen,
373 982 446 1021 docilis
455 982 566 1021 modorum

318 1033 378 1073 Vatis
386 1031 468 1072 Horati.

357 1233 415 1272 omi
428 1231 478 1271 Vll

315 1362 350 1400 An
363 1361 520 1402 Τοιιαιιιιιιιι.

122 1432 340 1477 Dirrucuuunivee:
356 1431 697 1483 redeuntjamgreminacempis,
752 1442 753 1481 ι

147 1487 304 1535 Arboribusquc
314 1496 391 1525 comae:
752 1484 753 1491 ¹

122 1538 331 1576 Mutetterravices
344 1539 366 1575 et
373 1534 515 1574 decrescentia
523 1545 579 1583 ripas

147 1588 245 1626 Flumina
253 1590 391 1637 praetereunt:

122 1640 195 1678 Gratia
203 1650 252 1677 cum
261 1639 281 1676 N
281 1648 332 1726 ym
331 1637 363 1676 his
371 1635 501 1684 geminisque
511 1634 621 1674 Sororibus
630 1634 700 1674 audet
752 1638 753 1689 l

148 1691 228 1728 Ducere
236 1689 295 1727 nuda
305 1649 332 1726 οἱ
333 1698 386 1726 oros

123 1739 253 1779 Immortalia
261 1750 288 1777 ne
296 1749 372 1788 speres,
381 1741 454 1776 monet
462 1735 543 1782 Annus,
550 1739 572 1774 et
580 1733 664 1773 almum

148 1791 200 1836 Quae
209 1790 265 1838 repit
273 1789 331 1827 Hora
339 1789 402 1827 diem

123 1841 208 1888 Frigora
215 1841 329 1878 mitescunt
337 1838 450 1887 Zephyris:
465 1837 507 1876 Ver
515 1837 603 1886 proterit
611 1834 694 1882 AEstas,
752 1854 753 1873 i

149 1891 269 1937 interitura,
278 1889 342 1929 simul

124 1941 216 1979 Pomrfer
223 1941 355 1979 Auctumnus
362 1939 432 1987 fruges
440 1938 551 1979 effuderit
566 1941 588 1976 et
595 1948 648 1976 mox

126 2041 209 2080 Damna
217 2046 288 2079 temen
296 2040 374 2079 celeres
382 2043 481 2090 reparant
489 2039 585 2079 coelestiu
593 2037 665 2084 lunen

151 2091 201 2136 Nos,
211 2091 248 2129 ubi
256 2091 378 2136 decidimus,

126 2141 173 2186 Quo
181 2141 229 2190 pius
238 2140 321 2187 AEneas,
332 2152 373 2190 quo
381 2142 440 2180 dives
449 2141 524 2180 Tullus
532 2144 555 2180 et
563 2142 644 2186 Ancus,

152 2191 223 2230 Pulvis
230 2194 252 2228 et
258 2192 334 2230 umbra
341 2202 421 2230 sumus.

752 1362 753 1435 l

752 1506 753 1527 l

150 1992 230 2029 Bruma
237 1990 339 2029 recurrit
333 2001 397 2029 mers
