1504 2564
181 167 342 208 CARMINUM
356 169 411 209 ΜΒ.
425 170 468 210 111.
593 175 617 211 65

264 344 323 383 ODE
334 344 381 384 XV.

235 447 270 486 An
285 447 403 487 careant.

75 522 141 563 Uxos
149 522 248 572 pauperis
254 522 320 572 Ibyci,

97 574 194 613 Tandem
201 574 303 622 nequitiae
310 574 351 622 fige
359 574 447 615 modum
454 578 505 624 tue,

74 625 208 672 Famosisque
217 623 325 663 laboribus
333 637 338 662 :

98 676 183 714 Maturo
191 674 275 733 propior
283 674 356 714 desine
363 674 434 715 funeri

72 726 130 765 Inter
137 725 211 764 ludere
220 725 318 774 virgines,

96 777 124 815 Et
131 775 199 816 stellis
206 775 308 814 nebulam
316 786 412 824 spargare
423 777 525 817 candidis.

73 827 127 873 Non,
136 826 215 875 siquid
224 825 317 865 Pholoen
326 827 383 872 satia,

97 877 125 916 Et
133 881 160 923 te,
171 876 247 923 Chlori,
258 877 328 923 decen
346 876 391 915 fllia
398 877 476 917 rectius

72 928 104 967 Ex
120 930 186 976 ugnas
191 928 294 975 juvenum
303 927 383 974 domos,

137 989 160 1017 so
169 978 247 1026 Thyias
254 978 287 1016 uti
295 977 378 1017 concita
385 981 493 1028 tympano.

74 1028 137 1068 Illam
146 1028 202 1076 cogit
209 1039 269 1067 amor
278 1028 344 1066 Nothi

96 1079 190 1119 Lascivae
198 1079 289 1118 similem
296 1079 370 1117 ludere
378 1088 471 1129 capreas:

71 1129 101 1170 Te
109 1129 165 1169 lanae
173 1140 238 1179 prope
249 1128 344 1168 nobilem

96 1180 172 1219 Tonsae
181 1180 298 1226 Luceriam,
305 1191 349 1219 non
357 1179 452 1228 cithare,
463 1181 545 1228 decent,

71 1230 117 1270 Nec
124 1232 163 1270 ilos
171 1241 289 1280 purpureus
299 1240 358 1276 rosae,

95 1282 141 1322 Nee
147 1281 194 1332 poti
203 1281 297 1321 vetulam
306 1281 359 1321 1⁴aeoe
367 1285 429 1322 tenus
437 1282 492 1322 cadi.

254 1473 313 1513 ODE
326 1472 385 1512 xvi.

213 1573 249 1612 An
263 1573 431 1617 Msczimir.

71 1645 196 1686 licinum
206 1646 295 1686 Danaen
304 1649 366 1688 turris
375 1661 448 1697 aenea,

71 1696 217 1746 Robustaeque
225 1697 288 1743 fores,
298 1702 320 1737 et
325 1700 414 1748 vigilum
422 1713 500 1741 eanum

70 1747 151 1787 Tristes
157 1749 255 1787 excubias
266 1749 388 1789 munierant
395 1752 446 1791 satis

224 1799 338 1838 Nocturnis
347 1801 374 1839 ab
383 1802 496 1842 adulteris:

70 1848 92 1887 Si
101 1860 146 1888 non
155 1849 267 1895 Acrisium.
280 1850 367 1898 virginis
376 1852 455 1892 abdite

69 1899 187 1939 Custodem
198 1901 305 1949 pavidum,
315 1901 397 1950 Jupiter
406 1907 428 1941 et
436 1903 508 1942 Venus

70 1949 190 1990 Risissent:
204 1950 248 1989 fora
257 1952 314 1990 enim
322 1955 393 1991 tutum
401 1954 441 1993 iter
449 1958 471 1992 et
479 1957 553 2003 patens

223 2002 326 2041 eonverso
336 2003 359 2041 in
367 2005 460 2053 pretium
468 2004 520 2043 Deo.

69 2050 154 2090 Aurum
162 2062 200 2101 per
207 2053 288 2092 medios
296 2054 326 2093 ire
335 2054 444 2100 satellites,

70 2101 97 2139 Et
104 2112 242 2151 perrumpere
251 2108 309 2142 amat
317 2115 369 2143 saxa
377 2105 484 2155 potentius

69 2151 118 2192 ictu
126 2151 239 2192 fulmineo.
265 2154 361 2194 Concidit
368 2157 453 2206 auguris

223 2205 295 2253 Argivi
304 2207 386 2254 domus,
395 2209 422 2247 ob
431 2206 514 2246 lucrum

485 2261 524 2306 s2
