1520 2572
196 186 366 228 SATIRARUM
379 188 426 228 LlB
441 189 459 228 lv
589 193 624 231 148

32 305 131 346 Maxima
138 303 238 349 formium
252 315 302 344 nam
310 305 366 344 iures
374 306 449 344 dextra
457 309 544 351 coercet,

32 358 171 405 obscenoque
178 355 241 394 ruber
249 362 355 404 porrectus
363 357 390 395 ab
398 357 485 405 inguine
494 356 563 405 palus;

31 409 72 447 nn
79 408 211 455 importunas
218 406 313 446 volucres
321 408 343 445 in
351 408 428 446 vertice
437 408 518 446 arundo

31 459 107 497 Terret
114 457 163 502 fixa,
172 460 271 505 vetatque
279 459 339 497 novis
347 458 455 497 considere
463 459 486 496 in
494 458 567 499 hortis.

31 508 81 548 Huc
90 507 148 557 prius
156 509 250 555 angustis
258 508 325 556 eiecta
332 509 434 547 cadavera
441 507 500 548 callis

32 560 150 598 conservus
157 558 194 596 vili
206 560 310 606 portanda
317 559 400 598 locabat
410 560 432 598 in
445 569 501 599 arca.

32 609 80 648 Hoc
87 609 171 647 miserae
179 607 237 658 plebi
244 610 315 648 stabat
322 621 432 648 commune
440 610 565 659 sepulcrum,
602 614 624 650 1⁰

32 658 151 699 Pantolabo
159 669 243 704 scurrae,
255 659 428 709 Nomentanoque
437 662 514 709 nepoti.

33 710 95 750 Mille
103 710 167 759 pedes
176 710 199 747 in
206 708 281 754 tronto,
291 713 396 749 trecentos
404 711 476 759 cippus
484 712 507 749 in
515 723 588 761 agrum

32 761 74 800 Hic
82 761 157 804 dabat;
171 759 268 797 haeredas
275 764 436 798 monumentum
444 771 470 799 ne
480 767 608 809 sequeretur.

33 812 96 851 Nunc
103 810 155 849 licet
163 807 268 857 Exquiliis
276 808 371 848 habitare
379 810 504 855 salubribus,
513 816 576 861 atqua

32 863 114 910 Aggere
122 862 146 899 in
156 861 227 909 aprico
236 860 328 908 spatiari,
338 870 381 909 qua
388 861 451 898 modo
458 862 527 900 tristes

32 912 94 952 Albis
102 912 216 950 informem
224 910 348 958 spectabant
355 909 436 948 ossibus
447 921 526 958 agrum,

33 963 106 1009 Quum
113 961 167 1000 mihi
175 971 218 999 non
226 964 310 998 tantum
317 960 416 1009 furesque
423 960 522 1009 fereque,
529 966 595 1002 suetae

32 1013 98 1052 Hunc
105 1023 182 1050 vexare
190 1011 268 1056 locum,
277 1021 334 1049 curte
342 1015 392 1049 sunt
400 1015 463 1059 atque
471 1011 544 1058 labori,

33 1063 150 1108 Quantum,
160 1062 289 1101 carminibus
296 1071 344 1110 quae
353 1066 438 1100 versant
445 1065 508 1110 atque
516 1064 601 1103 venenis

33 1114 145 1154 numanus
154 1114 245 1156 auimosr
259 1112 298 1151 has
306 1111 365 1151 nullo
373 1114 459 1161 perdere
467 1123 552 1161 possum
601 1116 626 1154 20

33 1165 78 1204 Nec
86 1163 199 1213 prohibere
206 1164 275 1209 modo,
284 1163 374 1202 simulac
382 1174 435 1212 vaga
443 1163 504 1201 Luna
511 1164 610 1203 decorum

33 1213 126 1254 Protulit
134 1224 163 1259 os,
173 1214 224 1262 quin
232 1224 278 1253 ossa
288 1213 366 1262 legant,
374 1214 493 1264 herbasque
502 1219 607 1255 nocentes.

33 1266 83 1304 Vidi
91 1268 175 1313 egomet
181 1264 242 1312 nigra
249 1265 377 1304 succinctam
385 1266 461 1304 vadere
469 1264 527 1314 palla

32 1316 152 1360 Canidiam,
160 1315 250 1364 pedibus
258 1316 327 1359 nudis.
336 1327 439 1366 passoque
447 1315 531 1366 capillo,

33 1368 86 1407 cum
95 1365 179 1414 Sagana
185 1367 263 1414 majore
270 1365 389 1406 ululantem
397 1367 473 1417 (pallor
478 1371 577 1419 utrasque

33 1418 122 1457 Fecerat
129 1415 242 1454 horrendas
252 1419 352 1466 aspectu).
361 1418 455 1467 scalpere
462 1424 539 1458 terram

33 1467 153 1517 Unguibus,
162 1470 184 1506 et
191 1467 271 1516 pullam
279 1468 379 1507 divellere
386 1470 491 1509 mordicus
500 1480 576 1518 agnam

33 1519 160 1568 coeperunt:
174 1528 236 1556 cruor
243 1518 266 1556 in
274 1518 351 1559 fossam
359 1519 465 1566 contusus,
474 1525 499 1559 ut
506 1521 556 1561 inde

32 1569 109 1609 Manes
118 1567 224 1613 elicerent,
235 1569 316 1608 animas
324 1580 424 1618 responsa
433 1571 525 1610 daturas.

32 1619 106 1659 Lanea
114 1622 136 1657 et
143 1618 222 1667 effigies
231 1622 282 1664 erat,
289 1619 356 1657 altera
363 1631 433 1659 cerea:
447 1622 514 1670 major
601 1622 625 1660 80

33 1670 112 1715 Lenes,
122 1679 170 1718 quse
178 1669 247 1717 poenis
256 1675 396 1718 compesceret
403 1670 530 1710 inferiorem.

33 1720 99 1761 Cerea
106 1719 230 1768 suppliciter
237 1720 313 1765 stabat,
322 1719 432 1760 servilibus
440 1726 506 1769 utque

33 1771 82 1811 lam
90 1771 185 1821 peritura
192 1769 267 1808 modis.
293 1769 389 1810 Hecaten
396 1775 458 1810 vocat
464 1771 537 1817 altera,
545 1781 623 1810 savam

33 1822 107 1862 Altera
115 1821 257 1870 Tisiphonen:
270 1832 293 1860 se
331 1825 377 1860 ntes
385 1822 537 1871 atquerideres

34 1873 131 1914 Infernas
137 1883 206 1911 enare
216 1882 286 1917 canes,
312 1882 419 1920 unamque
427 1872 544 1918 rubentem,

34 1924 66 1964 Ne
74 1926 130 1964 forst
137 1923 171 1962 his
179 1923 244 1969 cesus,
254 1926 301 1971 post
308 1933 386 1972 magna
394 1922 460 1961 latere
467 1921 570 1972 sepulcra.

34 1975 128 2015 Mentior
135 1978 158 2014 at
166 1974 250 2022 siquid,
258 1974 336 2013 merdis
343 1977 408 2023 caput
414 1973 513 2023 inquiner
520 1972 573 2013 albis

34 2026 155 2072 Corvomm,
164 2028 227 2074 atque
240 2025 262 2063 in
272 2036 306 2064 me
316 2024 388 2064 veniat
399 2024 487 2064 mictum
496 2027 559 2073 atque
568 2033 627 2064 caca·

83 2082 131 2116 tum

35 2126 104 2167 lulius
113 2132 135 2166 et
141 2125 222 2175 fragilis
229 2126 334 2173 Pediatia,
343 2125 419 2176 furque
426 2125 528 2165 Vorenus.

35 2177 123 2226 Singula
130 2178 182 2225 quid
190 2188 309 2225 memorem,
317 2189 359 2228 quo
363 2181 425 2227 pacto
431 2177 513 2218 alterna
517 2175 627 2226 loquentes

36 2226 121 2269 Umbrae
130 2239 179 2268 curn
188 2227 269 2277 Sagana
277 2233 399 2269 resonarent
407 2228 465 2269 triste
474 2233 496 2267 et
503 2230 602 2268 acutum?

518 2293 532 2327 1.
