1562 2568
129 184 165 221 1⁸2
291 182 315 222 Q
330 179 454 220 nontin
469 180 570 219 runem

125 296 188 336 Nunc
197 297 219 336 ln
230 295 330 346 Aristippi
337 295 410 334 furtim
418 298 524 344 praecepta
534 293 627 339 relabor,

126 347 154 387 Et
162 347 215 386 mihi
223 358 263 389 res.
273 358 315 385 non
323 357 358 384 me
366 347 429 384 rebus
437 346 564 394 subjungere
573 357 648 385 conor.

125 398 155 436 Ut
162 409 205 436 nox
214 398 282 445 longa.
292 398 370 445 quibus
378 397 481 435 mentitur
491 396 566 437 amice.
576 397 667 446 diesque
704 399 727 436 20

125 449 197 496 Longe
204 448 288 486 videtur
296 458 349 495 opus
357 446 495 486 debentibus:
510 450 535 483 ut
543 446 603 494 piger
612 458 684 487 annus

126 497 221 548 Popillii,
230 509 283 546 quos
292 498 345 536 dure
353 498 431 547 premit
438 496 534 535 custodis
542 502 638 536 metrum
646 511 651 536 ι

125 549 159 587 Sic
165 548 358 587 mihiturdatiuunt
364 551 488 597 ingrataque
497 551 601 596 tempore.
610 559 660 597 quae
668 559 728 598 spem

125 599 284 646 Consiliumque
292 603 403 637 morantur
411 599 487 646 agendi
495 598 592 645 gnaviter
600 598 629 643 id,
640 600 699 647 quod

126 649 194 698 AEque
202 649 332 698 pauperibus
341 650 431 698 prodest,
443 648 585 697 locupletibus
593 659 663 697 reque,

126 699 194 749 AEque
203 699 323 747 neglectum
332 701 404 749 puerIs
412 699 541 747 senibusque
549 700 642 738 nocebit.

126 750 207 792 Restat.
213 754 237 788 ut
244 750 278 789 his
286 761 325 798 ego
331 762 365 788 me
372 751 417 798 ipse
423 761 493 797 regam
502 748 600 797 solerque
607 749 728 790 elementis:

125 801 173 840 Non
182 800 249 850 possis
255 801 316 840 oculo
325 806 429 849 quantum
436 799 563 838 contendere
572 800 676 847 Lynceus,

125 851 173 890 Non
181 857 254 890 tamen
262 852 340 890 idcirco
348 855 471 889 contemnes
478 850 549 899 lippus
555 851 642 899 inungi;

125 902 177 944 Nec.
187 903 238 951 quia
246 903 343 951 desperes
351 902 424 940 invicti
432 902 527 939 membra
536 900 644 947 Glyconis,
703 903 727 939 80

125 953 210 992 Nodosa
218 963 294 1002 corpus
303 951 358 990 nolis
366 951 478 1000 prohibere
486 950 595 998 cheragra.

126 1003 164 1042 Est
172 1004 264 1051 quadam
272 1003 355 1052 prodire
364 1007 432 1046 tenus,
442 1002 459 1040 si
468 1012 510 1039 non
520 1001 583 1039 datur
591 1000 656 1040 ultre„

125 1054 200 1093 Fervet
208 1054 296 1093 avaritie
301 1053 420 1100 miseroque
428 1051 528 1100 cupidine
534 1053 623 1099 peetus?

126 1104 180 1143 Sunt
189 1106 252 1144 verba
259 1109 281 1142 et
288 1114 356 1146 voces,
366 1103 443 1151 quibus
451 1102 509 1139 hunc
517 1101 584 1140 lenire
593 1102 689 1141 dolorem

126 1154 201 1198 Possis,
210 1160 232 1194 et
240 1165 337 1203 magnam
347 1153 415 1191 morbi
424 1153 528 1200 deponere
540 1156 631 1200 partem.

126 1204 204 1245 Laudis
213 1216 283 1245 emore
291 1205 374 1243 tumesi
386 1207 436 1242 sunt
444 1207 501 1241 certa
509 1202 599 1291 piacula,
610 1213 660 1252 quae
668 1208 690 1242 te

126 1256 167 1294 Ter
174 1268 226 1305 pure
234 1256 289 1294 lecto
298 1259 399 1304 poterunt
406 1264 501 1292 recreare
518 1252 589 1291 ibello.

126 1306 221 1350 Invidus,
230 1307 350 1349 iracundus.
360 1306 422 1347 iners,
431 1305 523 1347 vinosus,
531 1305 627 1342 amatori

126 1357 195 1395 Nemo
202 1358 254 1395 adeo
262 1356 319 1395 ierus
328 1360 365 1398 est.
374 1360 399 1393 ut
407 1366 449 1392 non
457 1355 567 1392 mitescere
575 1355 649 1403 possit,

90 1428 94 1435 ·
125 1407 147 1445 Si
155 1408 218 1446 modo
227 1406 316 1445 culturae
323 1406 440 1453 patientem
447 1405 566 1442 commodet
574 1416 656 1443 eurem.
701 1406 727 1443 40

125 1458 197 1496 Virtus
205 1461 238 1496 est
245 1457 321 1497 vitium
329 1457 408 1504 fugere,
417 1459 439 1493 et
447 1455 551 1503 snpientia
559 1455 629 1503 prims

125 1506 326 1547 Stultitiacaruisse.
353 1507 423 1549 Vides,
433 1516 481 1554 quae
490 1505 586 1543 maxime
593 1505 663 1544 credis

125 1559 176 1597 Esse
184 1557 247 1603 male,
257 1559 358 1605 exiguum
367 1567 461 1603 censum,
471 1560 480 1593 t
520 1567 597 1604 emque
605 1555 722 1605 repulsam.

125 1611 211 1655 Quanto
219 1608 299 1647 devites
307 1608 374 1659 enimi
382 1607 498 1656 capitisque
516 1607 591 1645 abore:

125 1660 217 1709 Impiger
226 1664 331 1698 extremos
339 1659 405 1696 curris
413 1664 516 1697 mercator
525 1657 552 1695 ed
562 1656 635 1698 indos.

125 1711 166 1749 Per
173 1722 231 1749 mere
240 1710 361 1758 pauperiem
369 1708 459 1756 fugiens,
468 1718 505 1756 per
512 1717 572 1753 sexa,
581 1717 621 1756 per
628 1707 703 1755 ignes:

126 1761 158 1799 Ne
165 1772 225 1799 cures
234 1771 259 1799 es
267 1769 315 1808 qum
324 1758 388 1797 stulte
396 1759 478 1796 miraris
486 1762 508 1796 et
516 1761 583 1807 optas,

125 1810 211 1850 Discere
220 1815 241 1849 et
249 1809 322 1849 audire
331 1815 353 1847 et
360 1808 443 1847 meliori
451 1809 535 1846 credere
544 1819 587 1846 non
595 1807 643 1846 visi

124 1862 182 1904 Quis,
192 1862 271 1901 circum
278 1870 342 1909 pagos
351 1863 372 1897 et
379 1860 458 1897 circum
466 1858 558 1907 compita
565 1868 661 1908 pugnax,
771 1844 772 1909 i

125 1912 205 1960 Magne
212 1911 307 1950 coronari
315 1913 438 1948 contemnet
446 1909 549 1957 Olympia,
559 1910 595 1947 cui
602 1919 658 1956 spes,
701 1910 726 1947 id

124 1962 163 2000 Cui
171 1963 199 2000 sit
207 1962 298 2000 conditio
307 1961 374 1998 dulcis
382 1960 428 1998 sine
436 1959 522 2007 pulvere
531 1958 622 2007 palmael

125 2011 193 2049 Vilius
202 2016 312 2059 argentum
321 2015 353 2048 est
361 2021 419 2053 auro,
429 2010 542 2048 virtutibus
551 2020 636 2048 aurum.

125 2061 143 2096 0
151 2061 215 2101 cives.
226 2059 292 2098 cives!
311 2060 426 2109 quaerende
433 2061 525 2108 pecunie
532 2061 626 2108 primum
634 2064 674 2106 est,

125 2109 197 2147 Virtus
205 2113 253 2157 post
261 2110 371 2147 nummos!
384 2109 431 2148 haec
440 2110 507 2148 lanus
516 2120 611 2148 nummus
620 2111 649 2149 ab
657 2111 701 2149 imo

125 2158 238 2195 Prodocet:
252 2159 299 2196 brec
306 2159 585 2206 recinuntjuvenesdictsta
593 2171 706 2210 senesque,

125 2207 188 2244 Lrevo
196 2209 293 2269 suspensi
301 2207 381 2247 loculos
389 2208 527 2258 tabulamque
535 2209 622 2249 lacerto.

257 2266 263 2277 “
470 2270 475 2287 s
