1504 2564
182 180 343 222 celtrssrwrr
356 183 411 223 us.
426 184 468 224 111.
595 187 619 224 ⁵⁵

70 296 164 337 Milesne
176 297 245 337 cressi
252 299 439 348 eonjugeberbere

69 348 149 397 'l'urpis
157 349 245 388 meritus
253 349 322 388 vixit?
335 354 357 388 et
363 349 483 390 boetium—

98 398 139 438 Pro
148 399 216 444 curis,
226 399 346 448 inversique
354 411 423 440 mores
430 401 463 439 i-

123 449 238 489 conseuuit
245 461 364 490 socerorum
376 451 399 490 iu
412 453 473 498 ervis,

69 499 115 539 snb
124 511 173 549 rege
182 500 252 546 Medo,
263 501 347 541 Marsus
354 505 376 541 et
384 500 481 552 Appulus

69 550 204 590 Auoiliorum
212 554 234 590 et
241 552 333 593 nominis
341 556 363 590 et
371 556 425 602 togae

96 600 187 646 Oblitus,
199 605 327 651 aetemaeque
334 602 410 647 Vestro,

119 651 226 690 Incolumi
234 652 293 698 Jove,
302 656 325 692 et
331 654 384 693 urbe
394 654 475 694 Rome?

68 701 118 741 Hoe
126 706 212 742 caveret
218 713 278 742 urens
288 703 376 751 provida
384 704 468 754 Reguli.

68 753 221 792 Disseutientis
229 754 386 794 conditionibus

94 803 173 849 Foedis,
183 807 205 842 et
212 803 310 853 exemplo
317 805 410 844 trahenti

120 853 239 894 Perniciem
247 855 334 894 veniens
341 855 365 894 in
373 865 450 903 aevum,

66 904 145 943 Sinon
152 905 230 954 periret
237 905 394 944 immiserabilis

66 954 239 1004 captivapubes.
262 955 374 1004 signsego
383 957 468 997 Punicis

94 1005 173 1044 Adflxs
181 1005 281 1051 delubris,
290 1009 312 1044 et
320 1017 380 1045 erma

119 1055 226 1095 Militibus
233 1056 279 1095 sine
287 1057 352 1102 code,
361 1056 423 1103 dixit,

68 1106 163 1155 Dereptu
170 1107 226 1145 vidi:
239 1107 283 1145 vidi
291 1118 330 1154 ego
339 1108 419 1146 civium

67 1156 158 1196 Retorte
165 1160 224 1206 tergo
231 1156 321 1196 brechio
328 1157 407 1197 libero:

92 1207 209 1256 Portesque
216 1219 259 1247 non
268 1206 344 1254 elusus,
354 1212 434 1247 eterra

118 1257 188 1297 Marte
200 1258 242 1298 ooli
248 1258 349 1308 populoso
356 1262 435 1299 nostro.

65 1307 125 1347 Auro
132 1319 234 1358 repensus
240 1308 321 1349 scilieet
326 1310 394 1349 serior

69 1358 133 1398 Miles
142 1359 226 1399 redibit.
253 1358 344 1409 Flagitio
352 1360 432 1401 additis

92 1409 209 1449 Damnum.
236 1410 311 1459 Neque
322 1411 410 1451 emissos
418 1411 498 1454 colores

117 1460 178 1500 Lens
186 1459 250 1499 refert
258 1461 363 1500 medioata
371 1462 427 1508 fuco,

65 1509 87 1548 N
87 1521 111 1550 eo
119 1522 170 1550 veru
177 1511 250 1556 virtus,
259 1522 326 1559 quum
335 1512 401 1551 semel
409 1513 495 1561 excidit,

65 1561 131 1601 Curat
138 1562 213 1611 reponi
221 1561 367 1600 deterioribus.

65 1611 88 1650 si
96 1615 179 1661 pugnat
187 1611 290 1651 extricato
297 1613 369 1652 densis

116 1663 183 1702 cerva
190 1662 266 1711 plagis,
274 1662 315 1702 erit
322 1663 359 1701 iile
368 1662 435 1709 fortis,

12 1722 13 1725 ’
66 1712 108 1758 Qui
144 1713 202 1752 rfldis
210 1723 233 1751 se
241 1713 331 1752 eredidit
337 1713 446 1761 hostibus;

66 1762 94 1802 Et
102 1724 173 1803 ἄξω
182 1762 259 1803 Poenos
267 1767 360 1813 proteret
366 1763 440 1810 altero,

90 1814 134 1861 Qui
142 1813 188 1853 lore
195 1814 296 1854 restrictis
303 1814 388 1854 lacertis

115 1864 187 1904 Sensit
194 1865 256 1912 iners,
270 1865 383 1915 timuitque
392 1869 488 1906 mortem.

65 1913 113 1960 Hie,
122 1915 181 1955 uude
189 1914 255 1954 vitem
263 1921 362 1961 sumeret.
372 1916 458 1961 insoius,

66 1963 144 2005 Peeem
153 1965 225 2005 duello
234 1966 326 2005 miscuit.
352 1967 371 2006 0
379 1967 459 2015 pudor!

90 2016 108 2054 0
181 2026 193 2054 r
203 2016 312 2066 Carthago,
322 2017 428 2066 probrosis

117 2066 144 2106 sl
163 2078 187 2107 or
196 2067 264 2108 ltaliae
272 2069 350 2108 ruinis!

66 2115 139 2157 Fertur
147 2118 231 2167 pudioae
240 2120 334 2168 coniugis
342 2120 446 2163 osculum,

67 2165 185 2219 Parvosque
193 2174 261 2216 ustos,
272 2174 297 2210 ut
305 2171 380 2230 cepitis
388 2170 463 2216 minor,

89 2219 123 2258 Ab
131 2230 154 2259 se
161 2220 282 2266 removisse,
292 2224 314 2258 et
319 2220 403 2259 virilem

113 2269 195 2309 Torvus
203 2269 263 2309 humi
271 2270 365 2318 posuisse
373 2268 468 2308 vultum:
