1520 2572
120 167 157 204 m
282 166 308 211 Q.
322 163 446 204 nouum
461 163 561 204 ruscc1

119 280 256 326 Clazomenis.
266 280 331 319 etism
338 279 387 318 lites
395 291 444 318 curn
453 279 512 327 Rege
519 280 632 325 molestam

120 332 191 370 Durus
198 331 268 377 homo,
278 335 341 379 etque
349 330 398 369 odio
406 331 443 379 qul
451 335 521 378 posset
528 331 615 369 vincere
627 330 711 380 Regem,

119 383 230 421 confidens
239 382 382 429 tumidusque,
391 382 444 419 adeo
452 381 555 419 sermonis
563 381 640 428 amari,

119 433 224 476 sisennus,
234 432 310 470 Barros
317 437 342 470 ut
349 431 410 480 equis
417 435 555 479 precurreret
562 430 627 470 albis.

119 483 153 521 Ad
163 483 241 530 Regem
250 483 324 520 redeo:
339 486 450 530 postquem
459 480 489 519 nil
497 481 553 520 inter
560 485 679 530 utrumque

119 533 221 572 Convenit
229 532 278 580 (hoc
286 532 365 570 etenim
373 536 423 571 sunt
431 542 503 570 omnes
509 532 557 579 jure
565 531 659 577 molesti,
699 532 722 569 lo

119 584 167 629 Quo
176 583 246 628 fortes,
256 584 333 631 quibus
342 583 453 622 adversum
461 581 543 620 bellum
551 582 639 627 incidit3
654 583 711 620 inter

119 633 211 672 Hectora
219 633 338 672 Priamiden
347 633 466 672 animosum
475 637 539 681 etque
548 632 604 671 inter
614 632 721 671 Achillem

118 684 154 722 Its
164 684 205 722 mit
212 683 314 733 ospitalis,
323 688 349 722 ut
355 683 432 722 ultimo
439 684 543 722 divideret
549 693 613 728 mors,

120 734 168 773 Non
177 734 241 772 stiam
249 735 277 772 ob
285 745 378 779 causam,
387 735 428 773 nisi
436 735 494 782 quod
499 734 566 772 virtus
575 734 598 771 in
604 737 697 782 utroque

119 785 206 823 Summe
213 785 264 829 suin
279 785 321 822 duo
329 785 347 823 si
355 784 460 823 discordis
468 788 532 822 vexet
539 784 625 828 inertes,

119 836 163 874 sut
170 835 188 874 si
194 835 313 884 disparibus
321 834 402 873 bellum
410 835 497 879 incidet,
505 838 530 872 ut
539 834 640 873 Diomedi

119 887 172 924 Cum
180 886 244 935 Lycio
253 885 338 930 Glauco.
349 886 443 924 discedet
450 885 534 934 pigrior,
542 884 599 922 ultro

119 936 244 975 Muneribus
252 936 340 983 missis);
356 936 422 974 Bruto
429 942 519 984 proetore
527 939 613 973 tenente

119 987 191 1026 Ditem
200 988 278 1032 Asiam,
290 985 363 1035 Rupili
372 990 394 1024 et
403 985 461 1025 Persi
469 996 507 1034 per
515 989 608 1034 pugnet:
623 985 657 1024 uti
665 996 706 1023 non

119 1038 250 1086 compositus
259 1037 334 1076 melius
343 1047 392 1075 cum
402 1036 465 1075 Bitho
474 1036 586 1074 Bacchius.
614 1035 641 1074 In
648 1038 683 1084 jus
696 1036 719 1074 2⁰

119 1088 182 1127 Acres
191 1092 322 1137 procurrunt,
331 1098 432 1135 magnum
440 1085 584 1135 spectaculum
591 1092 689 1134 uterque.

119 1138 202 1178 Persius
210 1139 298 1187 exponit
305 1148 397 1184 causam,
406 1138 487 1176 ridetur
495 1137 521 1175 sb
529 1136 589 1174 omni

118 1188 234 1232 conventu.
244 1189 318 1227 lsudst
326 1188 423 1232 Brutum,
433 1186 548 1236 laudetque
556 1186 667 1225 cohortem
675 1198 679 1224 :

119 1239 189 1278 Solem
198 1239 254 1279 Asiae
264 1240 353 1277 Brutum
361 1238 460 1287 appellet,
469 1237 583 1285 stellssque
591 1236 689 1276 salubres

118 1289 218 1339 Appellat
225 1290 318 1334 comites,
327 1293 416 1338 excepto
425 1288 495 1336 Rege3
509 1298 584 1327 canem
592 1286 663 1335 illum,

119 1340 215 1379 Invisum
223 1339 319 1388 agricolis
327 1340 391 1384 sidus,
401 1341 490 1378 venisse.
517 1338 609 1383 Ruebst

119 1390 208 1429 Flumen
216 1395 241 1428 ut
248 1390 367 1435 hibernum,
376 1390 443 1428 fertur
451 1400 493 1438 quo
500 1399 548 1427 rere
555 1389 644 1428 securis.

119 1440 173 1479 Tum
183 1441 325 1479 Praenestinus
333 1440 388 1479 sslso
395 1440 441 1479 mul
478 1451 505 1478 ue
513 1439 589 1477 fluenti

119 1490 468 1539 Expressssrbustoregeritcouv'
518 1490 584 1527 durus

119 1541 265 1580 vindemiator
272 1545 294 1580 et
301 1542 398 1588 invictus,
408 1543 443 1580 cui
451 1552 507 1589 saepe
514 1540 583 1578 vietor
695 1542 718 1579 8⁰

119 1592 224 1637 cessisset.
233 1602 311 1640 magna
322 1592 451 1641 compellens
460 1602 512 1630 voce
519 1589 637 1629 cucullum.

119 1644 148 1680 At
157 1644 249 1688 Graecm,
258 1648 370 1691 postquem
378 1648 410 1682 est
419 1642 474 1682 ltclo
482 1640 579 1690 perfusus
588 1646 656 1687 aceto,

119 1691 203 1732 Persius
211 1692 329 1732 exclamet:
344 1692 384 1732 Per
390 1704 484 1741 magnos,
495 1691 567 1736 Brute,
577 1691 635 1731 Deos
643 1697 665 1731 te

119 1743 166 1789 Oro,
176 1745 213 1794 qui
220 1755 279 1792 reges
287 1745 394 1783 consueris
401 1744 481 1787 tollere,
491 1753 528 1780 cur
536 1752 579 1779 non

119 1791 183 1833 Hunc
198 1795 278 1842 Regem
289 1792 389 1843 jugulus?
412 1804 500 1844 operum
513 1792 560 1838 hoc,
577 1792 633 1831 mihi
650 1793 718 1837 crede,

168 1849 253 1884 tuorum
260 1848 299 1883 est

326 1992 434 2033 SATIRA
447 1992 508 2032 v111.

118 2093 184 2131 omn
193 2097 279 2132 truncus
286 2105 344 2132 erem
352 2094 449 2141 ficulnus,
457 2093 533 2133 inutile
541 2094 633 2142 lignum,

119 2143 189 2187 Quum
198 2143 263 2189 faber,
273 2144 372 2189 incertus,
378 2155 489 2182 scsmnum
495 2144 603 2183 faceretne
611 2147 716 2195 Priapum,

119 2191 197 2231 Maluit
204 2203 249 2231 esse
259 2193 333 2232 Deum.
352 2195 410 2233 Deus
418 2194 468 2233 inde
473 2205 517 2242 ego,
525 2194 598 2234 mmm
604 2198 716 2245 aviumque
