1520 2572
290 216 384 256 urum.

78 329 174 379 impube
182 336 264 379 corpus,
276 331 338 380 quala
346 337 416 382 posset
423 334 489 383 impia
553 314 564 331 Γ

157 381 242 420 Mollire
250 381 356 422 Thracum
363 388 458 433 pectora;

77 430 176 476 Canidia,
184 432 284 471 brevibus
292 432 401 482 implicata
408 436 486 485 viperis

157 481 230 521 Crines
239 487 261 521 et
268 484 384 523 incomtum
392 492 462 534 caput,

29 538 33 547 ’
78 531 147 571 lubet
154 532 257 582 sepulcris
265 535 373 583 caprificos
382 543 459 581 erutas,

156 582 223 622 iubet
230 594 340 633 cupressus
347 585 453 632 funebres,

78 632 106 672 Et
116 638 184 672 uncta
192 635 259 683 turpis
267 645 307 672 ova
316 646 373 674 runae
382 638 490 685 sanguine,

156 683 297 733 Plumamque
308 690 417 725 nocturnae
425 688 501 737 strigis,

77 733 213 783 Herbasque,
222 746 275 782 quas
285 735 353 775 Iolcos
361 741 425 785 atquc
434 739 504 777 iberis

156 785 231 830 Mittit,
241 797 370 825 venenorum
377 787 444 834 ferar,

79 835 107 874 Et
115 846 164 875 ossa
173 836 201 873 ab
209 847 245 874 ore
253 842 313 885 rapta
319 838 399 886 jejnnae
407 840 473 885 cenis,

157 886 259 925 Flammis
267 888 328 926 aduri
336 887 447 928 Colchicis.

78 936 109 976 At
116 937 219 986 expedita
227 937 309 985 Sagana
317 949 354 986 per
361 942 428 978 totam
440 941 526 978 domum

156 987 259 1036 spargens
269 988 384 1028 Avernales
391 1000 464 1037 aquas,

79 1037 159 1076 Horret
166 1037 256 1086 capillis,
265 1044 290 1077 ut
298 1039 401 1083 marinus,
410 1040 494 1088 asperis,

157 1087 258 1133 Fchinus,
268 1093 306 1127 aut
314 1090 407 1128 Laurens
415 1101 472 1139 sper.

81 1139 162 1178 Abacta
171 1137 231 1176 nulla
239 1139 292 1178 Veia
299 1140 429 1179 conscientia

156 1189 270 1237 Ligonibus
278 1190 336 1228 duris
343 1190 434 1230 humum

82 1239 234 1285 Exhauriebst,
243 1241 351 1288 ingemens
359 1240 476 1287 laboribus

155 1291 203 1336 Quo
212 1295 283 1338 posset
289 1291 380 1330 infossus
388 1302 441 1339 puer

81 1341 153 1389 Longo
161 1340 195 1379 dle
204 1340 237 1380 bis
244 1346 318 1389 terque
326 1346 414 1380 mutatae
423 1343 482 1391 dapis

157 1391 250 1430 lnemori
258 1391 379 1441 spectaculo
386 1404 391 1436 ;

80 1443 151 1488 Quum
159 1442 289 1490 promineret
295 1453 338 1487 ore,
345 1447 450 1491 quantum
457 1447 531 1483 extant
538 1455 594 1493 aqua

157 1492 262 1540 suspensa
270 1497 342 1531 mento
351 1504 437 1542 corpora
445 1507 450 1532 :

82 1543 174 1582 Exsuota
182 1542 214 1580 uti
222 1542 322 1588 medulla,
332 1547 354 1582 st
361 1544 444 1583 aridum
448 1546 509 1594 Jecur

157 1593 240 1631 Amoris
248 1599 303 1632 esset
310 1594 417 1642 poculum,

82 1643 220 1682 interminato
229 1654 295 1692 quum
303 1645 368 1683 semel
377 1645 426 1684 iixae
433 1646 483 1684 cibo

156 1694 301 1733 Intabuissent
322 1695 401 1743 upuiae.

81 1744 127 1783 Non
136 1744 228 1783 demisse
235 1755 293 1783 masa
317 1755 336 1784 oe
345 1745 442 1785 libidinis

156 1795 310 1834 Ariminensem
318 1796 405 1843 Foliam,

83 1845 183 1884 sinuosa
191 1845 280 1884 credidit
288 1846 395 1896 Neapolis,

157 1896 184 1934 Et
192 1907 254 1935 omne
262 1897 356 1936 vicinum
365 1898 466 1947 oppidum
476 1908 480 1933 ι

81 1947 132 1989 Qua
141 1947 209 1986 sidera
218 1950 331 1986 excantata
338 1959 389 1987 voce
398 1948 506 1993 Thessala,

153 1996 278 2046 Lunamque
286 1998 340 2038 coelo
349 1999 435 2048 deripit.

82 2048 121 2087 Hic
129 2048 250 2088 irresaetum
259 2059 316 2087 saeva
323 2050 386 2088 dente
394 2049 459 2088 livido

153 2099 242 2138 Canidia
250 2099 326 2139 rodens
334 2100 439 2151 pollicem.

83 2150 136 2195 Quid
144 2150 211 2189 dissiti
224 2154 263 2188 aut
270 2150 321 2197 quid
330 2150 409 2188 tacuit?
425 2150 442 2187 0
450 2150 513 2187 rebus
522 2149 575 2187 meis

153 2201 201 2239 Non
210 2200 307 2239 infideles
316 2201 407 2244 arbitrie,

84 2251 134 2297 Nox,
144 2255 164 2289 et
173 2251 249 2296 Diana,
259 2260 307 2297 quae
315 2250 423 2288 silentium
431 2249 492 2297 regis,

154 2301 238 2340 Arcana
246 2311 312 2350 quum
321 2299 375 2338 flunt
383 2310 449 2342 sacra.
