1520 2572
211 206 382 246 salmantini
395 205 451 244 LIB.
466 205 483 242 l.
608 204 641 242 121

44 326 117 364 lratua
125 324 203 362 buccas
211 323 276 368 inflet,
285 333 355 371 neque
364 333 386 361 ae
394 322 438 359 iore
451 319 538 369 poathac

4 422 5 427 Ἰ
44 377 99 416 Tam
108 373 194 413 facilem
201 374 263 419 dicat,
273 374 326 411 votis
334 377 359 411 ut
366 373 461 421 praebaat
469 371 556 409 auram?

46 427 160 468 Praeterea,
170 435 197 463 na
205 425 242 470 aio,
251 428 276 462 ut
284 425 321 472 qui
327 423 438 472 jocularia.
448 422 519 460 ridant

46 477 179 519 Percurram,
189 485 317 523 quamquam
326 475 431 512 ridentem
439 474 509 511 dicare
517 482 589 510 verum

45 528 103 573 Quid
111 527 184 564 vetati
198 530 223 563 ut
232 526 303 573 pueris
312 524 362 562 olim
371 525 423 562 dant
429 522 523 562 cruatula
530 522 603 561 blandi

46 577 154 621 Doctores,
164 575 270 614 elemenoe
277 574 344 614 velint
350 578 375 612 ut
383 575 463 612 discere
472 574 550 622 prima;

47 628 88 667 Sed
96 631 169 665 tamen
177 629 248 664 amoto
257 636 377 674 quaeramun
386 625 440 663 naria
448 625 505 662 ludo.

47 677 94 723 llle,
102 687 190 726 gravem
198 677 251 714 duro
259 681 336 714 terram
343 676 381 722 qui
389 675 451 713 vertit
459 679 534 719 aratro,

47 728 143 767 Perfidus
150 727 185 765 hic
194 737 269 773 caupo,
277 725 345 767 miles.
355 728 475 773 nautaque,
487 735 525 773 per
532 735 594 762 omne

47 780 145 817 Audaces
153 787 212 815 mare
220 777 258 824 qui
265 778 357 819 currunt,
366 774 407 812 hac
414 779 486 812 menta
494 774 588 814 laborem
620 775 645 812 30

47 830 96 868 Sene
105 829 168 871 terre,
177 836 239 865 senes
247 826 301 863 utin
310 825 353 863 otia
361 827 407 862 tuta
415 825 521 871 recedant,

47 881 120 924 Aiunt,
132 888 199 926 quum
207 875 247 915 eibi
255 876 298 914 sint
306 879 404 922 congesta
412 874 502 919 cibaria;
516 875 571 913 dicut

48 928 139 969 Parvula
148 930 207 974 (nam
216 925 314 974 exemplo
323 926 363 971 eat)
371 924 443 972 magni
450 924 538 962 formica
543 924 620 963 laboria

48 981 87 1019 Ore
96 979 169 1022 trahit,
179 977 320 1026 quodcunque
328 979 403 1024 potest,
412 980 475 1022 atoue
484 975 544 1013 addit
555 986 636 1020 acervo,

46 1031 116 1077 Quem
125 1028 194 1072 struit
204 1027 263 1065 hand
270 1027 345 1075 ignara
352 1036 377 1063 ac
385 1036 428 1063 non
436 1025 523 1063 incauta
530 1025 608 1063 futuri:

48 1082 107 1128 Quae,
117 1078 182 1119 aimul
189 1078 297 1116 inversum
305 1077 415 1115 contristat
423 1075 528 1123 Aquarius
534 1085 621 1120 annum,

49 1131 97 1171 Non
105 1140 198 1179 usquam
206 1128 304 1177 prorepit,
314 1132 336 1165 et
343 1126 386 1165 illis
394 1126 462 1165 utitur
470 1130 520 1163 anta

49 1180 150 1228 Quaesitis
159 1180 253 1228 sapien„
265 1189 332 1227 quum
341 1181 361 1216 te
370 1187 439 1225 neque
446 1175 541 1214 fervidus
549 1179 614 1214 oeatns

49 1231 162 1271 Dimoveat
169 1230 235 1275 luero.
245 1241 285 1268 nec
292 1229 368 1272 hiemo,
377 1228 438 1277 ignia,
447 1237 513 1271 mara,
522 1225 612 1266 ferrum:

48 1283 84 1322 Nil
93 1283 163 1321 obstet
171 1281 217 1326 tibi,
227 1282 278 1319 dum
286 1292 313 1319 ne
322 1280 378 1319 aitte
387 1279 450 1317 ditior
458 1277 518 1316 alter.
541 1320 547 1327 ,
620 1278 646 1315 40

49 1333 105 1375 Quid
111 1334 173 1381 juvat
180 1332 306 1371 immensum
320 1335 341 1369 te
352 1330 434 1378 argenti
442 1329 524 1378 pondua
533 1331 555 1367 ct
562 1328 608 1366 auri

50 1384 131 1423 Furtim
140 1381 224 1421 defossa
232 1382 330 1421 timidum
339 1382 444 1430 deponere
453 1379 521 1418 temal

50 1434 118 1477 Quod,
129 1433 147 1471 ai
155 1433 292 1478 comminuar,
301 1431 366 1470 vilem
373 1431 481 1480 redigatur
489 1430 516 1468 ad
524 1439 601 1467 assem.

49 1485 83 1528 At.
94 1483 117 1522 ni
125 1483 148 1521 id
157 1483 188 1529 fit,
194 1484 245 1531 quid
249 1483 315 1521 habet
320 1482 402 1532 pulchri
409 1484 541 1520 constructus
546 1479 646 1518 acervutl

49 1534 120 1575 Mlllla
128 1533 230 1572 frumenti
237 1537 275 1570 tua
283 1533 364 1571 triverit
371 1543 420 1571 area
428 1536 521 1576 centum.

50 1585 97 1624 Non
106 1589 157 1623 tuua
164 1583 205 1622 boc
213 1583 281 1632 capiet
289 1587 362 1621 venter
369 1582 424 1631 plus,
433 1593 459 1621 ac
466 1592 537 1626 meum
552 1585 577 1620 nt
585 1580 604 1620 ai

50 1634 173 1674 Reticulum
180 1633 242 1682 pania
249 1633 334 1671 venales
342 1633 398 1671 inter
405 1636 482 1672 onusto

51 1685 112 1725 Forte
120 1685 186 1723 vehas
194 1684 289 1727 humero,
298 1682 366 1721 nihilo
373 1683 422 1732 pluo
430 1683 528 1730 accipian,
537 1691 602 1728 quam
672 1680 679 1733 2

50 1735 132 1782 Quini]
140 1734 234 1785 portarit.
261 1733 301 1772 Vel
309 1733 349 1777 dio,
359 1734 411 1781 quid
418 1733 496 1771 reserat
504 1732 561 1770 intra
675 1738 690 1761 ἰ

51 1786 139 1825 Natura
147 1786 200 1823 lines
208 1783 295 1829 viventi,
301 1784 377 1832 iugera
388 1787 474 1821 centum
482 1792 510 1820 an
624 1783 648 1819 50

50 1835 111 1876 Mille
119 1836 179 1874 arati
206 1833 234 1873 At
241 1845 305 1873 anave
314 1837 352 1879 ert,
361 1845 389 1871 ex
395 1844 472 1880 magno
480 1831 554 1871 tollare
565 1841 646 1871 acervo.

50 1886 108 1927 Doni
116 1897 145 1924 ex
152 1895 217 1934 parvo
224 1884 286 1923 nobis
293 1884 426 1922 tantumdem
434 1882 519 1921 haurire
527 1880 641 1930 relinquas,

49 1936 140 1976 Cutina
149 1935 198 1985 plna
205 1935 280 1974 laudes
288 1934 379 1972 cumeris
387 1934 485 1981 granaria
492 1932 582 1970 noatrial

52 1986 80 2026 vt
88 1987 129 2025 tibi
137 1987 154 2026 ai
163 1986 191 2025 ait
198 1997 251 2034 opus
258 1985 334 2034 liquidi
342 1995 385 2022 non
394 1983 485 2032 ampliua
493 1991 554 2026 uma,

51 2037 90 2076 Val
99 2037 183 2087 cyatho,
192 2041 214 2075 at
221 2037 285 2081 dicas.
296 2036 374 2083 Magno
383 2035 409 2072 da
417 2034 505 2073 flumine
512 2032 593 2074 malim.

50 2088 120 2130 Quam
128 2098 156 2126 ex
164 2087 205 2127 hoc
212 2086 321 2131 fonticulo,
326 2085 460 2124 tantumdem
468 2093 557 2123 numere.
579 2082 609 2121 Eo
618 2083 647 2128 fle,

53 2137 139 2181 Plenior
145 2141 172 2177 ut
178 2136 197 2177 al
203 2148 255 2186 quoa
263 2137 355 2176 delectet
362 2136 424 2186 copia
428 2137 493 2184 justo.

51 2188 105 2228 omn
113 2189 160 2237 rlpa
168 2188 232 2227 timul
240 2187 324 2227 avnlaoa
331 2187 387 2226 ierat
395 2187 483 2226 Aufidua
492 2195 552 2225 acar:

52 2238 82 2283 At
89 2240 127 2289 qui
136 2238 214 2278 tantuli
222 2243 275 2288 eget,
283 2244 363 2289 quanto
371 2242 403 2278 eat
411 2249 469 2287 opus,
477 2237 495 2276 ia
504 2246 572 2285 neque
581 2234 632 2276 limo
