1562 2568
131 180 168 217 21⁰
294 178 319 219 Q.
334 175 458 217 nonsutl
471 175 571 216 nuncsi

332 317 469 358 EPISTOLA
482 318 530 357 XX.

307 424 343 462 An
357 423 456 463 Lisso!
471 433 542 463 sucu.

130 503 286 543 thnnuou
296 501 424 551 sanumque,
434 502 494 548 iiber,
503 507 598 551 speum
606 502 698 548 viderier

129 554 215 594 scilieet
222 559 247 592 ut
254 557 334 602 prostes
343 553 449 591 Sosiorum
457 554 551 603 pumice
549 555 651 593 mundus.

130 605 198 644 Odisti
206 602 282 648 claves
290 608 312 641 et
319 607 379 652 gratu
387 603 457 652 sigillo
464 605 553 652 pudico.

129 655 205 694 Paucis
213 647 295 693 ostendi
302 653 375 702 gemis.
385 658 407 692 et
414 655 535 693 communis
543 653 626 695 laudas.

130 706 179 745 Non
188 704 328 743 innutritus!
356 704 420 752 Fuge,
430 716 472 754 quo
481 706 609 745 descendere
615 707 695 756 gestu

130 754 179 795 Non
187 757 227 794 erit
235 756 311 794 emisso
319 754 399 793 reditus
407 755 453 794 tibi
480 756 537 796 Quid
544 758 610 795 miser
617 758 664 806 egit

129 807 186 852 Quid
194 806 264 846 voluit
279 807 343 848 dices.
352 806 388 843 ubi
398 806 446 853 quis
454 810 476 844 te
484 806 574 850 laeserit;
589 812 612 846 et
619 809 669 855 scis,

129 857 155 896 In
163 858 225 897 breve
234 862 255 895 te
261 856 313 905 cogi,
323 855 399 904 plenos
405 867 472 903 quum
481 857 568 905 languet
576 864 668 898 amator.

129 908 217 954 Quodsi
226 919 268 946 non
277 907 325 945 odio
333 907 440 954 peccantis
449 908 527 957 desipit
534 919 609 956 augur,

129 959 194 998 cerus
203 959 244 998 eris
254 957 334 1001 Romae,
345 958 412 994 donec
421 962 441 995 te
449 958 531 997 deseret
539 965 600 998 aetas.
705 962 729 998 io

129 1009 276 1049 contrectatus
285 1009 322 1046 ubi
330 1008 430 1045 manibus
439 1011 558 1047 sordescere
567 1009 627 1059 vulgi

128 1060 228 1110 (imperis,
241 1064 278 1098 aut
285 1059 354 1097 tineus
362 1069 434 1107 posces
443 1060 561 1099 taciturnus
569 1061 657 1106 inertes,

129 1112 173 1149 Aut
181 1111 248 1159 fugies
257 1109 348 1152 Uticam,
360 1113 397 1146 eut
405 1109 487 1148 vinctus
495 1110 585 1149 mitteris
593 1111 694 1151 ilerdam.

129 1160 218 1200 Ridebit
225 1160 317 1198 monitor
326 1170 368 1198 non
377 1161 502 1204 exauditus;
516 1166 541 1198 ut
550 1161 587 1199 ille

128 1212 170 1257 Qui
178 1211 234 1251 mele
243 1215 352 1261 parentem
359 1209 380 1246 in
390 1221 453 1258 rupes
461 1212 563 1259 protrusit
572 1212 665 1252 asellum

129 1261 210 1301 Iratus:
224 1261 272 1310 quis
281 1261 338 1299 enim
345 1261 435 1298 invitum
444 1273 526 1300 servare
534 1262 632 1303 laboret?

129 1312 175 1351 Hoc
183 1323 267 1361 quoque
274 1316 295 1349 te
301 1315 380 1355 manet,
387 1316 411 1349 ut
418 1323 494 1361 pueros
500 1312 608 1351 elementa
614 1315 726 1353 docentem

127 1363 223 1411 Occupet
230 1362 330 1400 extremis
336 1362 359 1400 in
367 1363 419 1400 vicis
428 1363 491 1401 balba
499 1369 604 1403 senectus.

128 1416 200 1460 Quum
209 1413 248 1451 tibi
256 1411 288 1451 sol
296 1413 379 1460 tepidus
388 1412 458 1460 plures
468 1414 584 1452 admoverit
593 1426 664 1463 aures,
747 1452 751 1457 .

129 1465 165 1503 Me
174 1463 274 1502 libertino
282 1467 357 1501 netum
365 1468 432 1511 patre,
441 1465 492 1503 etin
501 1466 561 1503 tenui
569 1476 592 1503 re
703 1466 727 1504 2⁰

129 1515 221 1563 Maiores
228 1524 309 1562 pennos
317 1514 366 1551 nido
375 1516 495 1553 extendisse
503 1515 609 1564 loqueris;

128 1564 158 1604 Ut
165 1568 269 1614 quantum
276 1564 348 1612 generi
357 1564 435 1611 demas,
443 1566 556 1604 virtutibus
564 1567 644 1606 addas:

130 1617 166 1655 Me
165 1577 247 1665 qprimis
255 1615 313 1653 urbis
321 1614 373 1653 bellr
378 1614 482 1664 placuisse
490 1616 601 1665 domique;

127 1667 224 1716 corporis
233 1665 311 1714 exigui,
320 1675 448 1713 precanum,
458 1667 538 1706 solibus
547 1673 628 1717 aptum,

129 1717 194 1756 Irasci
201 1716 298 1759 celerem
308 1720 379 1754 umen
388 1722 412 1754 ut
417 1716 528 1765 placabilis
536 1729 612 1757 essem.

129 1767 190 1806 Forte
198 1778 271 1806 meum
279 1767 297 1806 si
305 1766 352 1814 quis
361 1771 381 1804 te
388 1769 547 1814 percontabitur
554 1780 632 1813 aevurn,

129 1818 164 1857 Me
174 1823 248 1867 quater
255 1818 351 1856 undenos
359 1817 537 1867 scistimpievisse
547 1819 682 1866 Decembres,

128 1869 235 1917 Collegam
244 1868 346 1918 lepidum
355 1879 397 1917 quo
406 1870 462 1908 dixit
470 1870 549 1909 Lollius
558 1881 622 1909 anno.
670 1908 684 1935 ο

142 1966 147 2009 i
