1504 2564
122 182 145 221 io
285 182 310 225 Q·
325 180 450 223 Hortarii
463 182 562 223 Piaccl

170 296 216 336 Nee
223 295 332 335 Martiales
338 296 443 337 haeduleae
451 297 523 346 lupos:

170 347 284 395 Utcunque
292 346 356 394 dulei,
365 348 465 396 Tyndari,
473 347 545 387 fistula

197 397 269 436 Valles
278 401 299 435 et
308 397 386 436 UstIoae
394 398 492 437 subantis

270 447 334 486 Levia
341 458 467 496 personuere
476 459 528 488 saxa
537 460 542 487 ι

170 497 199 536 Di
207 509 241 536 me
249 501 346 536 tuentur:
363 498 401 537 Dis
409 499 476 548 pistas
485 510 533 538 mss

169 548 197 587 Et
206 549 269 587 Musa
276 548 334 587 cordi
342 552 381 588 est
407 549 449 588 Hie
457 550 496 589 tibi
504 551 565 599 eopia

196 598 295 638 Manabit
302 599 330 637 ad
338 598 425 648 plenum
433 601 524 648 benigno

272 649 336 688 Ruris
343 649 448 689 honorum
456 651 557 700 opulenta
565 663 637 691 cornu.

169 699 212 738 iiie
219 699 242 737 ln
251 700 339 738 reducta
345 700 401 740 valle
410 701 517 741 caniculae

170 750 252 789 Vitsbis
260 754 337 789 estus:
358 756 380 790 et
386 752 428 791 ilde
436 752 488 791 Teia

195 801 258 840 Diess
265 801 386 840 laborantes
393 802 416 840 in
424 813 467 842 uno

270 851 391 902 Penelopen
398 852 529 901 vitreamque
538 853 618 893 Circen.

170 898 212 940 iilo
220 902 339 942 innocentis
347 903 424 952 pocula
432 904 502 943 Lesbii

170 952 241 992 Duces
248 954 288 992 snb
296 953 383 992 umbra:
397 965 437 993 nee
445 953 561 994 Semeleius

196 1004 249 1042 Cum
258 1005 326 1043 Marte
335 1004 452 1044 contundet
460 1005 574 1053 Thyoneus

269 1054 359 1093 Proelia:
378 1066 418 1094 neo
426 1059 507 1094 metues
516 1061 636 1104 protervum

170 1103 271 1154 Suspecta
279 1106 362 1153 cyrum,
371 1117 398 1144 ne
406 1105 462 1145 male
470 1107 549 1155 dispari
750 1108 751 1113 ’

170 1155 330 1194 lneontinentes
338 1155 419 1204 injiciat
427 1167 509 1202 manus,

196 1205 223 1245 Et
231 1203 314 1245 scindat
321 1205 438 1245 haerentem
445 1217 543 1246 eoronam

270 1255 374 1303 Crinibus,
383 1257 553 1307 immeritamque
561 1262 648 1298 vestem.

342 1436 401 1475 ODE
414 1435 497 1475 XVIII.

344 1536 381 1575 An
395 1536 492 1575 vasus.

119 1611 140 1652 N
140 1620 231 1657 onaan,
240 1610 302 1658 Vere,
311 1622 371 1651 saera
378 1611 421 1651 vite
429 1612 490 1661 prius
499 1611 576 1651 severis
583 1612 688 1661 arborem,

119 1663 180 1701 ciros
188 1662 239 1702 mite
248 1662 316 1701 solum
326 1662 418 1708 Tiburis,
430 1666 452 1700 et
460 1661 540 1700 moenIa
549 1662 619 1701 Catili.

119 1713 185 1752 sisois
192 1714 265 1752 omnia
273 1724 324 1752 narn
331 1713 386 1752 dura
395 1712 453 1752 Deus
461 1713 581 1762 proposuit,
599 1724 670 1763 neque

119 1763 230 1802 Mordsoes
238 1763 300 1803 aliter
308 1763 423 1812 diffisgiunt
431 1762 592 1803 sollicitudines.

119 1815 171 1856 Quis
187 1818 235 1864 post
250 1815 300 1853 vina
316 1824 401 1863 gravem
417 1813 523 1861 militiam,
543 1817 581 1853 aut
596 1816 722 1865 pauperiem

195 1876 229 1903 ere
245 1865 281 1904 sti

118 1914 171 1957 Quis
185 1876 357 2003 ηθηριοῖῃοὶίιιε,
374 1914 458 1955 Baoohe
472 1919 539 1964 pater,
555 1919 626 1963 teque,
642 1917 722 1957 decens

215 1977 268 2005 enus

118 2016 148 2055 At
156 2027 183 2054 ne
192 2017 239 2065 quis
246 2016 325 2055 modiei
333 2015 439 2055 transiliat
446 2026 536 2055 munera
545 2015 623 2062 Liberi,

118 2068 237 2106 cenwines
245 2071 318 2106 monet
326 2077 376 2105 eum
385 2066 480 2116 Lapithis
487 2066 534 2105 rixa
542 2077 607 2115 super
614 2078 676 2108 mero

118 2116 242 2163 Debellata;
254 2121 328 2156 monet
336 2114 437 2156 Sithoniis
445 2126 488 2155 non
496 2116 549 2156 levis
557 2117 630 2164 Euius,

118 2169 190 2214 Quum
197 2168 230 2208 fas
239 2172 304 2217 atque
312 2167 374 2206 nessa
382 2168 460 2217 exiguo
468 2167 510 2205 tiae
519 2167 634 2207 libidinum

118 2219 247 2259 Diseemunt
254 2218 318 2258 avidi.
328 2218 377 2258 Non
386 2228 425 2266 ego
433 2223 461 2264 te,
471 2217 562 2258 candide
571 2219 685 2267 Bassareu,
