1562 2568
202 184 406 225 EPISTOLARUM
419 185 473 224 LlB.
489 186 498 223 l
617 185 654 226 tol

55 300 157 341 Militiam
166 312 218 350 puer
226 304 248 340 et
256 300 381 340 Cantabrica
389 300 446 340 bella
454 300 528 345 tulisti,

55 354 100 392 Sub
108 354 169 398 duce,
179 353 216 402 qui
225 352 308 401 templis
318 352 442 391 Parthorum
450 352 511 399 signa
519 353 586 401 refigit

55 403 125 447 Nunc,
135 408 163 445 et
172 404 190 442 ei
198 403 250 451 quid
257 403 324 449 abest,
333 402 393 442 italis
401 403 509 451 adjudicat
516 406 587 443 armis.

55 454 87 492 Ac
95 460 132 501 (ne
139 459 161 492 te
168 453 263 492 retrahas
271 458 293 492 et
301 453 451 493 inexcusabilis
459 454 544 501 absus),

54 505 156 545 Quamvis
164 503 194 542 nil
205 511 265 542 extra
274 515 386 543 numerum
393 504 469 543 fecisse
476 505 605 554 modumque

54 556 126 599 Curae,
135 555 242 593 interdum
250 556 334 602 nugaris
344 565 393 593 rure
400 559 499 603 paterno:
626 559 651 595 60

54 606 149 644 Partitur
157 605 232 644 lintres
240 605 358 650 exercitum
373 605 435 643 Actia
442 616 515 654 pugna

6 682 7 699 ι
53 656 84 695 Te
92 656 146 694 duce
153 667 191 704 per
201 666 280 704 pueros
286 655 358 695 hostili
366 666 424 693 more
432 656 533 700 refertum

53 707 192 745 Adversarius
200 706 314 749 estirsten
328 705 394 750 lacus.
405 706 479 748 Adriar
495 708 563 746 donec

52 757 186 796 Alterutrum
194 756 257 795 velox
264 756 352 794 victoria
359 756 434 795 fronde
443 762 535 796 coronet.

52 808 176 846 Consentire
185 807 228 846 suis
237 806 312 845 studiis
319 806 357 855 qui
365 806 478 844 crediderit
488 812 515 852 te,

53 858 131 897 Fuutor
139 862 229 906 utroque
237 862 246 896 t
307 856 404 895 laudabit
411 856 488 905 pollice
496 857 577 897 ludum.

52 908 156 947 Protenus
164 913 189 946 ut
197 868 332 949 ιιιοιιἭωι
340 908 392 966 quid
400 908 509 946 monitoris
515 918 563 955 eges
572 912 610 955 tu),

52 960 109 1005 Quid
118 960 144 998 de
152 969 237 1007 quoque
244 959 295 1004 viro,
305 962 327 996 et
335 958 370 995 cui
378 957 441 1001 dicas,
437 967 507 1044 lsteps
514 959 597 998 videto:

53 1008 243 1049 Percontatoremf
271 1009 306 1053 ἰο,
317 1019 366 1046 narn
374 1007 470 1056 garrulus
478 1008 535 1046 idem
543 1014 581 1054 est,

6 1078 7 1081 ¹
52 1060 97 1099 Nec
105 1061 256 1108 retinentp
221 1020 306 1098 atssffloe
294 1069 405 1097 commissa
412 1058 503 1097 fideliter
511 1070 583 1105 sures
625 1061 648 1099 7⁰

52 1111 80 1149 Et
87 1110 154 1151 semel
161 1109 261 1149 emissum
269 1108 327 1148 volat
334 1108 470 1148 irrevocabile
479 1110 572 1148 verbum.

53 1162 101 1201 Non
110 1159 188 1200 ancille
196 1166 258 1199 tuum
263 1161 324 1209 Jecur
332 1159 413 1198 ulceret
421 1159 472 1205 ulla,
481 1171 566 1208 puerve,

6 1250 7 1267 ἢ
52 1212 111 1251 luter
118 1222 259 1250 marmoreum
268 1211 383 1249 venerandi
390 1209 456 1249 limen
464 1211 539 1258 amici;

53 1263 85 1302 Ne
93 1264 192 1302 dominus
200 1262 283 1311 pulchri
292 1262 353 1311 pueri
360 1272 441 1301 caraeve
451 1260 529 1311 pusllae

53 1314 142 1352 Munere
151 1317 171 1352 te
181 1324 245 1362 parvo
253 1315 308 1359 beet,
318 1317 355 1351 aut
363 1313 509 1352 incommodus
517 1318 588 1361 anget.

51 1364 142 1406 Qualem
150 1364 291 1410 commendes,
301 1364 365 1403 etiam
374 1368 439 1413 atque
446 1363 511 1402 etiam
519 1364 610 1414 adspice,
620 1376 647 1403 ne

101 1426 153 1453 mox

51 1465 160 1505 Incutiant
167 1464 238 1504 aliena
244 1465 284 1504 tibi
292 1469 379 1515 peccata
386 1466 495 1514 pudorem.

52 1516 161 1562 Fallimur,
170 1522 192 1555 et
199 1517 307 1564 quondam
315 1527 358 1554 non
365 1516 453 1563 dignum
461 1517 576 1557 tradimus:
591 1530 639 1566 ergo

50 1566 119 1612 Quem
128 1577 167 1605 suo
175 1566 238 1615 eulpa
244 1572 332 1616 premet,
341 1567 449 1626 deceptus
449 1568 522 1606 omitte
530 1570 594 1613 tueri;

52 1616 81 1655 Ut
87 1617 173 1666 penitus
179 1623 261 1661 notum
270 1617 288 1656 si
296 1622 380 1655 tentent
391 1617 486 1663 crimina,
495 1629 571 1665 serves
622 1620 647 1656 80

9 1702 10 1705 ,
51 1667 176 1716 Tutcrssque
185 1672 222 1705 tuo
229 1668 330 1706 fidentem
338 1667 449 1716 praesidio
464 1669 501 1721 qui

51 1718 120 1757 Dente
129 1717 239 1757 Theonino
247 1729 313 1766 quum
321 1714 493 1760 circumroditurj
497 1718 572 1765 ecquid

52 1769 86 1808 Ad
93 1774 114 1807 te
123 1772 171 1818 post
177 1768 242 1816 paulo
250 1772 339 1806 ventura
346 1767 441 1817 pericula
449 1767 527 1805 sentiet

50 1818 107 1859 Nam
115 1822 153 1859 tua
161 1829 194 1857 res
202 1819 277 1867 agitur,
286 1819 355 1869 paries
366 1828 433 1866 quum
442 1817 551 1865 proximus
559 1818 630 1861 srdet;

51 1866 182 1919 ttnoglecta
189 1869 259 1908 solent
266 1869 365 1907 incendia
373 1878 455 1907 sumere
464 1868 525 1906 vires

135 1920 250 1979 inexpertis
259 1918 342 1958 cultura
349 1918 442 1967 potentis
451 1918 526 1957 amici:

148 1971 248 2011 sinetuit
275 1970 313 2015 Tu
323 1968 620 2013 dumtusnavisinsltoeet,

132 2034 154 2069 s,
162 2033 190 2061 ne
197 2024 279 2060 moute
286 2024 400 2059 retrorsum
408 2024 429 2057 tc
438 2020 492 2057 ierat
499 2029 563 2059 eura

152 2072 244 2113 Murem
252 2071 327 2115 tristes,
336 2071 475 2118 tristemque
466 2070 545 2117 jocosi,-

12 2154 14 2161 ,
156 2123 241 2166 celeres
250 2121 326 2167 agilem
334 2132 470 2170 gnavumque
477 2121 570 2159 remissi·
623 2124 647 2159 90

141 2172 214 2215 'sebnli
220 2173 290 2211 medis
299 2174 325 2213 de
333 2178 395 2213 nocte
405 2171 488 2211 Falerni

43 2120 266 2317 ἔρωτα
256 2227 367 2273 negantem
377 2223 464 2272 pocula;
479 2223 575 2272 ‹puamvis

50 2278 144 2385 μὲν,
536 2290 549 2320 Ρ

53 2374 118 2435 'wsb

64 2412 102 2479 ’.ιι
121 2462 126 2471 .

41 2452 121 2529 rffiliifi'
151 2508 155 2513 ·

674 2078 714 2183 i
