1562 2568
205 216 377 255 SATIRARUM
392 216 447 255 LlB.
458 218 487 255 11.
611 222 646 258 159

46 333 126 372 Nescio
134 344 163 372 an
172 333 223 371 Anti
260 343 295 371 cm
302 333 357 371 ratio
364 331 407 371 illis
415 333 506 372 destinet
514 342 606 371 omnem.

45 385 150 424 Haeredes
160 384 234 422 Staber
251 394 355 422 summam
364 383 457 422 incidere
468 384 575 433 sepulcro:

45 436 75 474 Ni
84 435 115 473 sic
122 434 228 474 iecissent
238 434 379 483 gladiatorum
388 435 438 474 dure
446 434 533 473 centum

45 486 151 524 Damnati
158 486 236 534 populo
244 486 310 534 paria,
321 489 384 534 atque
393 485 487 534 epulum,
495 486 583 524 arbitrio
591 485 645 532 Arri,

45 536 158 575 Frumenti
167 539 270 583 quantum
278 537 340 574 metit
348 535 426 574 Africa.
453 537 499 575 Sive
508 548 547 585 ego
555 547 625 585 prave,

45 587 90 625 Seu
98 590 155 625 recte
164 586 204 624 hoc
212 586 270 624 volui
278 598 282 630 ;
296 597 323 624 ne
331 586 360 624 sis
368 590 456 634 patruus
464 588 524 626 mihi.
551 589 618 626 Credo

17 656 19 661 ·
46 637 94 674 Hoc
103 636 186 675 Staberi
194 637 320 685 prudentem
329 637 424 675 animum
432 638 516 677 vidisse.
535 638 592 684 Quid
598 649 647 687 orgo

46 686 123 732 Sensit,
133 698 199 736 quum
208 698 313 725 summam
322 687 435 736 patrimoni
444 689 563 738 insculpere
571 700 623 728 saxo

45 737 149 777 Heredes
157 737 238 776 voluit?
264 738 339 783 Quoad
347 738 407 781 vixit,
416 739 505 777 credidit
513 741 587 787 ingens
621 741 644 779 91

46 788 174 836 Pauperiem
181 788 263 832 vitium,
273 793 295 826 et
303 789 360 826 cavit
368 788 422 825 nihil
430 790 510 833 uerius:
524 797 555 834 ut,
565 792 582 829 si

45 838 109 877 Forte
117 838 188 877 minus
196 837 290 887 locuples
298 850 341 877 uno
350 839 467 887 quadrante
475 840 569 888 perisset,

46 889 96 938 lpee
104 888 212 928 videretur
220 890 260 927 sibi
270 889 371 937 nequior:
385 889 454 927 omnis
463 890 520 927 enim
528 901 568 936 reo,
630 928 633 941 ,

45 940 126 984 Virtus,
135 940 199 983 fame,
208 940 279 985 decus.
290 940 362 979 divina
369 940 506 987 humanaque
514 941 607 988 pulchris

45 990 132 1029 Divitiis
140 995 225 1039 perenm
239 1002 292 1039 quas
303 992 340 1039 qui
347 990 493 1033 construxerit.
503 990 540 1031 ille

42 1041 120 1080 Clarus
128 1042 174 1087 erit,
185 1040 251 1087 fortis,
262 1042 340 1091 iustus.
367 1041 501 1089 Sapiensner
529 1041 610 1081 Etiam!
624 1047 647 1085 ct

94 1103 134 1131 rex

45 1142 72 1187 Et
81 1119 186 1191 quidquid
194 1141 256 1180 volet.
284 1142 337 1189 Hoc,
346 1140 412 1180 veluti
420 1132 497 1180 viriute
506 1145 609 1190 peratum,

43 1194 141 1243 Speravit
148 1204 231 1241 magnae
239 1193 299 1232 leudi
307 1193 359 1231 fore.
385 1192 442 1237 Quid
450 1192 520 1230 simile
528 1193 563 1231 isti

44 1245 132 1282 Graecus
143 1244 269 1293 Aristippus,
279 1245 316 1293 qui
324 1253 394 1285 servos
404 1243 505 1291 projicere
516 1254 592 1282 aurum
607 1245 643 1282 100

44 1295 53 1332 1
56 1306 69 1333 n
78 1295 151 1333 media
156 1296 221 1343 jussit
229 1295 302 1342 Libya,
312 1294 363 1342 quia
371 1294 452 1332 tardius
462 1294 518 1332 irent

44 1345 133 1394 Propter
139 1356 193 1383 onus
201 1346 288 1393 segnes?
315 1345 367 1383 Uter
374 1344 508 1387 estinsanior
515 1344 604 1383 horum?

44 1395 80 1434 Nil
89 1396 134 1444 agit
141 1395 270 1444 exemplum,
280 1395 340 1434 litem
348 1396 405 1443 quod
413 1394 450 1433 lite
458 1395 549 1434 resolvit.

44 1446 64 1484 ti
71 1447 120 1495 quie
128 1451 187 1484 emat
194 1445 292 1488 citharas.
301 1450 369 1484 emtas
376 1449 493 1494 comportet
499 1446 522 1483 in
530 1457 605 1493 uuum,

44 1496 89 1536 Nec
97 1496 169 1535 studio
176 1495 270 1541 eichorn,
280 1507 319 1534 nec
328 1496 397 1534 Musae
405 1496 489 1534 deditus
497 1495 548 1540 ullir

43 1547 64 1586 Sl
72 1546 156 1596 scalpra
165 1550 186 1583 et
193 1545 272 1584 formas
280 1557 322 1585 non
331 1550 400 1590 sutor3
413 1548 499 1585 nautica
507 1547 554 1594 vele

20 1612 23 1621 ·
43 1598 135 1637 Aversus
142 1596 278 1635 mercaturis:
292 1596 371 1634 delirus
379 1599 401 1634 et
408 1606 482 1635 amens

42 1647 143 1697 Undique
151 1647 234 1685 dicetur
241 1646 323 1685 merito.
349 1645 392 1691 Qut
400 1646 505 1695 discrepet
512 1647 564 1693 istis,

20 1724 21 1739 r
42 1698 82 1740 Qui
91 1707 191 1737 nummos
199 1707 317 1744 annumque
324 1697 426 1741 recondit,
436 1698 519 1735 nescius
527 1698 559 1735 uti

40 1749 174 1799 compositis,
182 1751 322 1795 metuensque
329 1745 389 1784 velut
395 1746 517 1795 contingere
524 1750 621 1786 sacrum?

42 1800 62 1839 Sl
70 1801 119 1849 quis
128 1800 156 1837 ad
164 1800 271 1846 ingentem
278 1797 379 1835 frumenti
387 1807 471 1845 semper
478 1808 576 1836 acervum
605 1801 636 1835 lll

43 1848 230 1897 Porrectusvigilet
237 1859 286 1886 cum
295 1848 357 1895 longo
364 1847 431 1891 fuste;
447 1858 516 1895 neque
525 1847 583 1887 illinc

41 1899 562 1945 Audentesuriensdominuscontingeregrcnom

42 1953 72 1992 Ac
79 1952 151 2002 potius
158 1951 215 1989 foliis
223 1961 299 1998 porcus
307 1954 403 1988 vescatur
411 1949 499 1986 ameris:

42 2003 68 2049 Si,
77 2002 151 2052 positis
159 2002 217 2040 intus
226 2001 272 2039 Chii
279 2000 397 2048 veterisque
405 1998 489 2037 Falerni

42 2053 101 2092 Mille
109 2053 174 2096 cadis,
183 2051 238 2090 nihil
246 2055 284 2096 est,
292 2056 325 2090 ter
333 2057 419 2089 centum
427 2048 534 2088 millibus!
548 2060 596 2089 acre

43 2103 102 2143 Potet
109 2108 203 2142 aconem:
217 2114 262 2151 ege,
273 2103 290 2141 si
301 2107 323 2140 et
329 2101 451 2140 stramentis
457 2100 545 2139 incubet
552 2103 620 2140 unde-

42 2154 151 2202 Octoginta
159 2164 225 2191 anuos
234 2158 303 2198 natus,
312 2153 347 2191 cui
354 2152 448 2200 stragula
456 2150 527 2197 vestis,

42 2204 159 2244 Blattarum
167 2215 192 2242 ac
201 2204 306 2242 tinearum
314 2203 391 2253 epulae,
400 2207 507 2252 putrescat
514 2201 537 2240 in
546 2213 605 2242 orca:

44 2254 147 2294 Nimirum
157 2255 244 2292 insanus
252 2255 325 2304 poucis
333 2255 436 2300 videatur,
445 2264 471 2292 eo
479 2254 536 2301 quod
601 2255 636 2291 120

519 2318 538 2350 Μ
551 2366 553 2369 .
