1562 2568
202 175 374 216 SAOEIRARUM
386 176 442 216 ΗΒ.
451 175 482 215 11.
609 176 645 215 17⁸

45 293 127 333 Ducere
136 291 233 331 sollicitae
241 293 336 341 jucunda
344 291 493 331 obliviavitaei

43 343 157 394 Oquando
165 343 216 381 faba
225 342 348 391 Pythagorae
357 347 452 392 cognata.
462 341 568 390 simulque

44 395 114 434 Uncta
122 395 174 432 satis
182 393 256 442 pingui
264 397 370 442 ponentur
378 393 474 432 oluscula
482 392 555 431 lardoi

43 446 61 484 0
70 449 144 484 noctes
152 455 262 493 coenaeque
272 444 348 490 Deum,
358 445 434 493 quibus
443 444 487 492 ipse
496 444 581 492 meique

44 498 99 534 Ante
109 496 185 533 Larem
191 495 300 543 proprium
307 506 385 541 vescor,
395 506 512 543 vernasque
520 504 618 543 procaces

44 547 110 585 Pasce
117 545 190 584 libatis
198 546 295 594 dapibus.
322 545 386 584 Prout
394 547 470 593 cuique
479 545 546 584 libido
554 549 592 591 est,

44 597 114 636 Siccat
123 595 239 643 inaequales
251 596 327 634 calices
336 597 424 634 conviva
433 596 514 634 solutus

44 647 135 696 Legibus
141 647 227 691 insanis,
237 657 275 685 seu
284 647 330 694 quis
337 647 394 694 capit
401 647 459 684 acria
469 646 528 685 fortis

44 697 130 743 Pocula,
139 708 177 735 seu
185 696 274 735 modicis
282 696 450 735 uvescitlaetius.
477 697 532 746 llige
619 695 643 735 7⁰

44 748 117 787 Sermo
126 748 192 785 oritur
200 758 243 785 non
252 749 278 785 de
286 745 342 784 villis
351 747 474 785 domibusve
485 747 566 793 alienis,

46 798 96 843 Nec,
109 797 167 836 male
183 808 249 836 necne
259 797 326 845 Lepos
334 796 408 841 salim
423 796 466 843 sed,
475 798 532 846 quod
540 797 607 847 magis
615 798 643 836 ad

93 860 133 887 nos

45 899 145 942 Pertinet,
154 902 176 936 et
184 898 265 937 nescire
272 896 354 936 malum
363 900 401 941 est,
411 897 525 946 agitamus:
543 903 643 937 utrumne

45 949 129 988 Divitiis
138 949 241 993 homines,
251 960 279 986 an
287 949 330 987 sint
338 948 415 985 virtute
423 947 492 986 beatii

44 1001 127 1046 Quidve
136 1001 163 1038 ad
173 999 283 1044 amicitias,
293 1009 343 1037 usus
352 1001 467 1043 rectumne,
475 997 546 1036 trahat
553 1000 605 1037 nosi

46 1051 72 1089 Et
80 1062 129 1099 quae
137 1051 165 1089 sit
173 1055 249 1088 natura
256 1050 313 1093 boni,
322 1060 471 1097 summumque
479 1049 531 1097 quid
539 1049 598 1098 elusi

45 1101 131 1140 Cervius
138 1101 185 1138 haec
194 1101 250 1139 inter
257 1100 338 1139 vicinus
346 1099 411 1147 garrit
418 1099 486 1137 aniles

45 1151 77 1190 Ex
86 1164 108 1191 re
116 1151 214 1189 fabellas.
240 1151 318 1199 Siquis
327 1161 376 1189 nam
384 1149 459 1188 laudat
468 1148 535 1187 Arelli

44 1202 149 1241 Sollicitas
155 1203 240 1249 ignarus
248 1213 305 1250 opes,
316 1201 346 1239 sic
354 1201 438 1249 incipit:
455 1200 511 1238 Olim

45 1252 146 1292 Rusticus
154 1253 261 1290 urbanum
269 1263 350 1290 murem
359 1263 407 1290 mus
415 1262 507 1300 paupere
514 1249 582 1290 fertur
618 1252 643 1291 80

44 1303 156 1352 Accepisse
163 1314 221 1346 cavo,
230 1307 322 1341 veterem
330 1307 391 1340 vetus
399 1302 475 1351 hospes
484 1302 587 1348 amicum

43 1353 111 1402 Asper
119 1357 142 1391 et
149 1357 242 1391 attentus
248 1354 349 1402 quaesitis,
359 1358 384 1391 ut
391 1357 462 1392 tamen
470 1357 552 1391 arctum

43 1404 139 1492 Solvelrlet
159 1402 256 1452 hospitiis
274 1404 377 1443 animum.
403 1404 460 1450 Quid
473 1403 554 1443 multa?
573 1415 643 1454 neque

93 1466 101 1493 1
119 1465 131 1492 e

44 1504 135 1554 Sepositi
143 1503 216 1543 ciceris
225 1515 264 1542 nec
271 1503 340 1552 longae
348 1504 425 1543 invidit
433 1515 514 1551 avenae,

44 1555 135 1594 Aridum
144 1558 166 1592 et
173 1565 208 1593 ore
217 1554 286 1593 serens
295 1556 380 1593 acinum
387 1566 511 1604 semesaque
520 1554 575 1594 lardi

43 1605 119 1645 Frusta
127 1605 193 1650 dedit,
203 1606 290 1654 cupiens
300 1606 357 1643 varia
365 1605 451 1644 fastidia
459 1617 521 1645 coena

43 1655 134 1695 Vincere
141 1657 246 1703 tangentis
254 1654 310 1693 male
319 1656 403 1703 singula
410 1657 473 1694 dente
482 1656 585 1705 superbo:

44 1707 115 1749 Quum
123 1711 184 1755 pater
192 1706 236 1754 ipse
245 1707 320 1744 domus
328 1706 390 1754 palea
399 1710 507 1754 porrectus
518 1708 540 1744 in
550 1706 618 1744 horna

44 1757 105 1797 Esset
113 1757 165 1795 ador
172 1755 296 1804 loliumque,
306 1756 365 1804 dapis
373 1756 461 1795 meliora
469 1756 597 1805 relinquens.

43 1807 139 1847 Tandem
156 1808 250 1845 urbanus
267 1806 294 1844 ad
307 1805 372 1852 hunc,
385 1807 442 1853 Quid
453 1812 474 1845 te
484 1808 551 1855 Juvat,
565 1806 641 1854 inquit,

92 1859 168 1901 amice,
618 1857 643 1895 9⁰

44 1908 150 1959 Praerupti
162 1906 253 1946 nemoris
262 1907 379 1955 patientem
387 1907 457 1945 vivere
467 1907 541 1946 doraoi

43 1958 79 1998 Vis
88 1966 112 1999 tu
121 1959 219 1998 homines
229 1958 346 2006 urbemque
354 1957 404 1995 ieris
411 1968 534 2006 praeponere
542 1956 601 1996 silvis
609 1958 617 1995 i

42 2010 108 2060 Carpe
116 2009 181 2053 viam,
190 2008 321 2053 mihicrede,
330 2019 408 2053 comes,
418 2008 524 2047 terrestria
532 2009 618 2056 quando

44 2059 145 2100 Mortales
153 2059 236 2098 animas
242 2060 316 2098 vivunt
322 2059 401 2105 sortita,
413 2070 481 2107 neque
489 2058 572 2097 ullacst

43 2111 86 2150 Aut
94 2122 173 2159 magno
181 2115 218 2148 aut
226 2121 291 2159 parvo
300 2109 338 2148 leti
346 2109 404 2158 fuga.
430 2110 484 2155 Quo,
493 2110 555 2156 bone,
564 2109 626 2156 circa,

43 2160 99 2202 Dum
104 2162 162 2206 licet,
170 2161 193 2198 in
201 2161 264 2200 rebus
270 2161 372 2210 jucundis
380 2161 427 2199 vive
436 2160 511 2200 beatus
518 2172 523 2206 i

43 2210 94 2253 Vive
102 2222 191 2258 memor,
201 2223 265 2261 quam
271 2212 299 2252 sia
307 2211 348 2251 tevi
356 2212 431 2251 brevis.
459 2211 511 2251 Haec
519 2210 557 2251 ubl
565 2211 622 2251 dicta
