<?xml version="1.0" encoding="UTF-8"?>
<!DOCTYPE html PUBLIC "-//W3C//DTD XHTML 1.0 Transitional//EN"
    "http://www.w3.org/TR/xhtml1/DTD/xhtml1-transitional.dtd">
<html xmlns="http://www.w3.org/1999/xhtml" xml:lang="en" lang="en">
 <head>
  <title>
</title>
<meta http-equiv="Content-Type" content="text/html;charset=utf-8" />
  <meta name='ocr-system' content='tesseract 3.04.00' />
  <meta name='ocr-capabilities' content='ocr_page ocr_carea ocr_par ocr_line ocrx_word'/>
</head>
<body>
  <div class='ocr_page' id='page_1' title='image "./opera04horagoog_0152.png"; bbox 0 0 1520 2572; ppageno 0'>
   <div class='ocr_carea' id='block_1_1' title="bbox 200 195 636 241">
    <p class='ocr_par' dir='ltr' id='par_1_1' title="bbox 200 195 636 241">
     <span class='ocr_line' id='line_1_1' title="bbox 200 195 636 241; baseline 0.018 -8"><span class='ocrx_word' id='word_1_1' title='bbox 200 195 372 237; x_wconf 81' lang='lat' dir='ltr'><strong>SATIRARUM</strong></span> <span class='ocrx_word' id='word_1_2' title='bbox 386 198 443 237; x_wconf 82' lang='lat' dir='ltr'><strong>LlB.</strong></span> <span class='ocrx_word' id='word_1_3' title='bbox 458 199 476 238; x_wconf 90' lang='lat' dir='ltr'><strong>I.</strong></span> <span class='ocrx_word' id='word_1_4' title='bbox 602 205 636 241; x_wconf 81' lang='lat'><strong>1³1</strong></span> 
     </span>
    </p>
   </div>
   <div class='ocr_carea' id='block_1_2' title="bbox 7 307 637 1017">
    <p class='ocr_par' dir='ltr' id='par_1_2' title="bbox 33 307 637 664">
     <span class='ocr_line' id='line_1_2' title="bbox 36 307 611 364; baseline 0.012 -17"><span class='ocrx_word' id='word_1_5' title='bbox 36 309 57 347; x_wconf 86' lang='lat' dir='ltr'>N</span> <span class='ocrx_word' id='word_1_6' title='bbox 58 319 85 350; x_wconf 81' lang='lat' dir='ltr'><strong>ec</strong></span> <span class='ocrx_word' id='word_1_7' title='bbox 94 307 163 347; x_wconf 75' lang='lat' dir='ltr'><strong>soleas</strong></span> <span class='ocrx_word' id='word_1_8' title='bbox 171 309 234 357; x_wconf 79' lang='lat' dir='ltr'><strong>iecit3</strong></span> <span class='ocrx_word' id='word_1_9' title='bbox 248 316 306 352; x_wconf 85' lang='lat' dir='ltr'><strong>sutor</strong></span> <span class='ocrx_word' id='word_1_10' title='bbox 314 317 385 352; x_wconf 79' lang='lat' dir='ltr'><strong>temen</strong></span> <span class='ocrx_word' id='word_1_11' title='bbox 394 318 427 354; x_wconf 82' lang='lat' dir='ltr'><strong>est</strong></span> <span class='ocrx_word' id='word_1_12' title='bbox 439 315 530 364; x_wconf 82' lang='lat' dir='ltr'><strong>sapiens.</strong></span> <span class='ocrx_word' id='word_1_13' title='bbox 557 315 611 358; x_wconf 77' lang='lat' dir='ltr'><strong>Qui?</strong></span> 
     </span>
     <span class='ocr_line' id='line_1_3' title="bbox 36 359 637 415; baseline 0.013 -18"><span class='ocrx_word' id='word_1_14' title='bbox 36 359 73 406; x_wconf 87' lang='lat' dir='ltr'><strong>Ut,</strong></span> <span class='ocrx_word' id='word_1_15' title='bbox 85 360 183 406; x_wconf 88' lang='lat' dir='ltr'><strong>quamvis</strong></span> <span class='ocrx_word' id='word_1_16' title='bbox 192 364 248 401; x_wconf 80' lang='lat' dir='ltr'><strong>tecet</strong></span> <span class='ocrx_word' id='word_1_17' title='bbox 256 363 405 413; x_wconf 72' lang='lat' dir='ltr'>Hermogenes,</span> <span class='ocrx_word' id='word_1_18' title='bbox 413 370 487 405; x_wconf 84' lang='lat' dir='ltr'><strong>centor</strong></span> <span class='ocrx_word' id='word_1_19' title='bbox 493 371 565 405; x_wconf 72' lang='lat' dir='ltr'><strong>nemen</strong></span> <span class='ocrx_word' id='word_1_20' title='bbox 573 372 637 415; x_wconf 81' lang='lat' dir='ltr'><strong>etque</strong></span> 
     </span>
     <span class='ocr_line' id='line_1_4' title="bbox 36 409 636 460; baseline 0.02 -15"><span class='ocrx_word' id='word_1_21' title='bbox 36 409 139 459; x_wconf 79' lang='lat' dir='ltr'><strong>Optimus</strong></span> <span class='ocrx_word' id='word_1_22' title='bbox 148 415 180 449; x_wconf 87' lang='lat' dir='ltr'><strong>est</strong></span> <span class='ocrx_word' id='word_1_23' title='bbox 186 413 316 460; x_wconf 76' lang='lat' dir='ltr'><strong>modulat0r3</strong></span> <span class='ocrx_word' id='word_1_24' title='bbox 330 420 355 454; x_wconf 87' lang='lat' dir='ltr'><strong>ut</strong></span> <span class='ocrx_word' id='word_1_25' title='bbox 364 416 453 455; x_wconf 80' lang='lat' dir='ltr'><strong>Alfenus</strong></span> <span class='ocrx_word' id='word_1_26' title='bbox 461 417 521 456; x_wconf 78' lang='lat' dir='ltr'><strong>vafer</strong></span> <span class='ocrx_word' id='word_1_27' title='bbox 528 418 586 456; x_wconf 86' lang='lat' dir='ltr'><strong>omni</strong></span> <span class='ocrx_word' id='word_1_28' title='bbox 601 420 636 456; x_wconf 83' lang='lat'><strong>130</strong></span> 
     </span>
     <span class='ocr_line' id='line_1_5' title="bbox 35 460 572 516; baseline 0.015 -17"><span class='ocrx_word' id='word_1_29' title='bbox 35 461 130 508; x_wconf 83' lang='lat' dir='ltr'><strong>Abjecto</strong></span> <span class='ocrx_word' id='word_1_30' title='bbox 140 460 280 503; x_wconf 89' lang='lat' dir='ltr'><strong>instrumento</strong></span> <span class='ocrx_word' id='word_1_31' title='bbox 288 466 346 511; x_wconf 85' lang='lat' dir='ltr'><strong>artis,</strong></span> <span class='ocrx_word' id='word_1_32' title='bbox 356 466 470 516; x_wconf 79' lang='lat' dir='ltr'><strong>clausaque</strong></span> <span class='ocrx_word' id='word_1_33' title='bbox 476 469 572 515; x_wconf 74' lang='lat' dir='ltr'><strong>taberne,</strong></span> 
     </span>
     <span class='ocr_line' id='line_1_6' title="bbox 35 511 619 587; baseline 0.019 -40"><span class='ocrx_word' id='word_1_34' title='bbox 35 511 102 548; x_wconf 79' lang='lat' dir='ltr'><strong>Sutor</strong></span> <span class='ocrx_word' id='word_1_35' title='bbox 111 515 167 549; x_wconf 79' lang='lat' dir='ltr'><strong>erat:</strong></span> <span class='ocrx_word' id='word_1_36' title='bbox 186 514 269 562; x_wconf 84' lang='lat' dir='ltr'><strong>sepiens</strong></span> <span class='ocrx_word' id='word_1_37' title='bbox 278 517 347 565; x_wconf 88' lang='lat' dir='ltr'><strong>operis</strong></span> <span class='ocrx_word' id='word_1_38' title='bbox 356 517 386 556; x_wconf 90' lang='lat' dir='ltr'><strong>sic</strong></span> <span class='ocrx_word' id='word_1_39' title='bbox 395 519 487 566; x_wconf 84' lang='lat' dir='ltr'><strong>optimus</strong></span> <span class='ocrx_word' id='word_1_40' title='bbox 496 519 566 557; x_wconf 82' lang='lat' dir='ltr'><strong>omnis</strong></span> <span class='ocrx_word' id='word_1_41' title='bbox 596 519 619 587; x_wconf 57' lang='lat' dir='ltr'><strong>&lt;s</strong></span> 
     </span>
     <span class='ocr_line' id='line_1_7' title="bbox 35 560 635 623; baseline 0.018 -24"><span class='ocrx_word' id='word_1_42' title='bbox 35 561 76 599; x_wconf 77' lang='lat' dir='ltr'><strong>Est</strong></span> <span class='ocrx_word' id='word_1_43' title='bbox 84 560 158 609; x_wconf 82' lang='lat' dir='ltr'><strong>opifex</strong></span> <span class='ocrx_word' id='word_1_44' title='bbox 166 562 229 609; x_wconf 88' lang='lat' dir='ltr'><strong>solus,</strong></span> <span class='ocrx_word' id='word_1_45' title='bbox 239 565 269 604; x_wconf 90' lang='lat' dir='ltr'><strong>sic</strong></span> <span class='ocrx_word' id='word_1_46' title='bbox 276 578 322 604; x_wconf 83' lang='lat' dir='ltr'><strong>rex.</strong></span> <span class='ocrx_word' id='word_1_47' title='bbox 348 567 437 606; x_wconf 83' lang='lat' dir='ltr'><strong>vellunt</strong></span> <span class='ocrx_word' id='word_1_48' title='bbox 445 569 485 607; x_wconf 81' lang='lat' dir='ltr'><strong>tibi</strong></span> <span class='ocrx_word' id='word_1_49' title='bbox 493 570 581 608; x_wconf 76' lang='lat' dir='ltr'><strong>barbam</strong></span> <span class='ocrx_word' id='word_1_50' title='bbox 604 590 635 623; x_wconf 54' lang='grc' dir='ltr'><strong>υ</strong></span> 
     </span>
     <span class='ocr_line' id='line_1_8' title="bbox 33 610 484 664; baseline 0.02 -15"><span class='ocrx_word' id='word_1_51' title='bbox 33 610 120 650; x_wconf 73' lang='lat' dir='ltr'><strong>Lareni</strong></span> <span class='ocrx_word' id='word_1_52' title='bbox 128 613 196 659; x_wconf 86' lang='lat' dir='ltr'><strong>pueri,</strong></span> <span class='ocrx_word' id='word_1_53' title='bbox 207 625 259 662; x_wconf 89' lang='lat' dir='ltr'><strong>quos</strong></span> <span class='ocrx_word' id='word_1_54' title='bbox 268 620 292 654; x_wconf 87' lang='lat' dir='ltr'><strong>tu</strong></span> <span class='ocrx_word' id='word_1_55' title='bbox 300 617 323 655; x_wconf 90' lang='lat' dir='ltr'><strong>ni</strong></span> <span class='ocrx_word' id='word_1_56' title='bbox 330 617 386 656; x_wconf 82' lang='lat' dir='ltr'><strong>fuste</strong></span> <span class='ocrx_word' id='word_1_57' title='bbox 394 629 484 664; x_wconf 80' lang='lat' dir='ltr'>coerces,</span> 
     </span>
    </p>

    <p class='ocr_par' dir='ltr' id='par_1_3' title="bbox 35 661 593 769">
     <span class='ocr_line' id='line_1_9' title="bbox 35 661 514 718; baseline 0.021 -20"><span class='ocrx_word' id='word_1_58' title='bbox 35 661 124 709; x_wconf 80' lang='lat' dir='ltr'><strong>Urgeris</strong></span> <span class='ocrx_word' id='word_1_59' title='bbox 133 664 197 701; x_wconf 82' lang='lat' dir='ltr'><strong>turbe</strong></span> <span class='ocrx_word' id='word_1_60' title='bbox 205 665 284 704; x_wconf 88' lang='lat' dir='ltr'><strong>circum</strong></span> <span class='ocrx_word' id='word_1_61' title='bbox 292 671 314 704; x_wconf 88' lang='lat' dir='ltr'><strong>te</strong></span> <span class='ocrx_word' id='word_1_62' title='bbox 323 670 399 713; x_wconf 80' lang='lat' dir='ltr'><strong>stante,</strong></span> <span class='ocrx_word' id='word_1_63' title='bbox 408 669 514 718; x_wconf 83' lang='lat' dir='ltr'><strong>miserque</strong></span> 
     </span>
     <span class='ocr_line' id='line_1_10' title="bbox 36 711 593 769; baseline 0.018 -20"><span class='ocrx_word' id='word_1_64' title='bbox 36 711 153 760; x_wconf 87' lang='lat' dir='ltr'><strong>Rumperis</strong></span> <span class='ocrx_word' id='word_1_65' title='bbox 162 717 184 752; x_wconf 89' lang='lat' dir='ltr'><strong>et</strong></span> <span class='ocrx_word' id='word_1_66' title='bbox 192 714 263 761; x_wconf 79' lang='lat' dir='ltr'><strong>latras,</strong></span> <span class='ocrx_word' id='word_1_67' title='bbox 272 726 397 764; x_wconf 79' lang='lat' dir='ltr'><strong>magnorum</strong></span> <span class='ocrx_word' id='word_1_68' title='bbox 405 721 499 758; x_wconf 78' lang='lat' dir='ltr'><strong>maxime</strong></span> <span class='ocrx_word' id='word_1_69' title='bbox 507 732 580 769; x_wconf 79' lang='lat' dir='ltr'><strong>regum</strong></span> <span class='ocrx_word' id='word_1_70' title='bbox 588 721 593 758; x_wconf 98' lang='grc'><strong>1</strong></span> 
     </span>
    </p>

    <p class='ocr_par' dir='ltr' id='par_1_4' title="bbox 7 762 636 1017">
     <span class='ocr_line' id='line_1_11' title="bbox 37 762 594 816; baseline 0.018 -16"><span class='ocrx_word' id='word_1_71' title='bbox 37 762 70 801; x_wconf 85' lang='lat' dir='ltr'><strong>Ne</strong></span> <span class='ocrx_word' id='word_1_72' title='bbox 79 762 170 811; x_wconf 73' lang='lat' dir='ltr'><strong>longum</strong></span> <span class='ocrx_word' id='word_1_73' title='bbox 179 764 267 802; x_wconf 74' lang='lat' dir='ltr'><strong>faciam:</strong></span> <span class='ocrx_word' id='word_1_74' title='bbox 282 767 333 804; x_wconf 89' lang='lat' dir='ltr'><strong>dum</strong></span> <span class='ocrx_word' id='word_1_75' title='bbox 341 771 366 805; x_wconf 83' lang='lat' dir='ltr'><strong>tu</strong></span> <span class='ocrx_word' id='word_1_76' title='bbox 374 769 491 816; x_wconf 76' lang='lat' dir='ltr'><strong>quadrante</strong></span> <span class='ocrx_word' id='word_1_77' title='bbox 499 769 594 810; x_wconf 79' lang='lat' dir='ltr'><strong>levatum</strong></span> 
     </span>
     <span class='ocr_line' id='line_1_12' title="bbox 37 804 578 869; baseline 0.015 -17"><span class='ocrx_word' id='word_1_78' title='bbox 37 804 87 852; x_wconf 72' lang='lat' dir='ltr'><strong>Rex</strong></span> <span class='ocrx_word' id='word_1_79' title='bbox 97 813 146 858; x_wconf 84' lang='lat' dir='ltr'><strong>ibis,</strong></span> <span class='ocrx_word' id='word_1_80' title='bbox 156 825 226 861; x_wconf 90' lang='lat' dir='ltr'><strong>neque</strong></span> <span class='ocrx_word' id='word_1_81' title='bbox 234 818 256 853; x_wconf 89' lang='lat' dir='ltr'><strong>te</strong></span> <span class='ocrx_word' id='word_1_82' title='bbox 265 816 377 863; x_wconf 77' lang='lat' dir='ltr'><strong>quisquam</strong></span> <span class='ocrx_word' id='word_1_83' title='bbox 386 817 473 866; x_wconf 74' lang='lat' dir='ltr'><strong>stipator</strong></span> <span class='ocrx_word' id='word_1_84' title='bbox 482 821 578 869; x_wconf 87' lang='lat' dir='ltr'><strong>ineptum</strong></span> 
     </span>
     <span class='ocr_line' id='line_1_13' title="bbox 36 863 561 912; baseline 0.017 -11"><span class='ocrx_word' id='word_1_85' title='bbox 36 863 119 902; x_wconf 76' lang='lat' dir='ltr'><strong>Praeter</strong></span> <span class='ocrx_word' id='word_1_86' title='bbox 128 864 248 912; x_wconf 83' lang='lat' dir='ltr'><strong>Crispinum</strong></span> <span class='ocrx_word' id='word_1_87' title='bbox 257 866 383 911; x_wconf 84' lang='lat' dir='ltr'><strong>sectabitur;</strong></span> <span class='ocrx_word' id='word_1_88' title='bbox 398 868 481 909; x_wconf 85' lang='lat' dir='ltr'><strong>etmihi</strong></span> <span class='ocrx_word' id='word_1_89' title='bbox 489 871 561 910; x_wconf 78' lang='lat' dir='ltr'>dulces</span> 
     </span>
     <span class='ocr_line' id='line_1_14' title="bbox 36 913 636 966; baseline 0.018 -15"><span class='ocrx_word' id='word_1_90' title='bbox 36 913 158 962; x_wconf 73' lang='lat' dir='ltr'><strong>Ignoscent,</strong></span> <span class='ocrx_word' id='word_1_91' title='bbox 169 915 187 953; x_wconf 88' lang='lat' dir='ltr'><strong>si</strong></span> <span class='ocrx_word' id='word_1_92' title='bbox 196 915 248 963; x_wconf 89' lang='lat' dir='ltr'><strong>quid</strong></span> <span class='ocrx_word' id='word_1_93' title='bbox 256 927 344 964; x_wconf 83' lang='lat' dir='ltr'><strong>peccaro</strong></span> <span class='ocrx_word' id='word_1_94' title='bbox 352 917 435 964; x_wconf 82' lang='lat' dir='ltr'><strong>stultus,</strong></span> <span class='ocrx_word' id='word_1_95' title='bbox 445 919 514 966; x_wconf 80' lang='lat' dir='ltr'><strong>amici,</strong></span> <span class='ocrx_word' id='word_1_96' title='bbox 600 924 636 962; x_wconf 77' lang='lat'><strong>140</strong></span> 
     </span>
     <span class='ocr_line' id='line_1_15' title="bbox 7 964 545 1017; baseline 0.015 -16"><span class='ocrx_word' id='word_1_97' title='bbox 7 990 8 1017; x_wconf 61' lang='lat'>3</span> <span class='ocrx_word' id='word_1_98' title='bbox 35 964 105 1013; x_wconf 86' lang='lat' dir='ltr'><strong>inque</strong></span> <span class='ocrx_word' id='word_1_99' title='bbox 113 965 184 1003; x_wconf 78' lang='lat' dir='ltr'><strong>vicem</strong></span> <span class='ocrx_word' id='word_1_100' title='bbox 192 965 277 1004; x_wconf 88' lang='lat' dir='ltr'><strong>illorum</strong></span> <span class='ocrx_word' id='word_1_101' title='bbox 286 967 355 1015; x_wconf 80' lang='lat' dir='ltr'><strong>potiar</strong></span> <span class='ocrx_word' id='word_1_102' title='bbox 364 968 441 1007; x_wconf 80' lang='lat' dir='ltr'><strong>delicte</strong></span> <span class='ocrx_word' id='word_1_103' title='bbox 448 969 545 1016; x_wconf 80' lang='lat' dir='ltr'><strong>libenter,</strong></span> 
     </span>
    </p>
   </div>
   <div class='ocr_carea' id='block_1_3' title="bbox 36 1014 666 1164">
    <p class='ocr_par' dir='ltr' id='par_1_5' title="bbox 36 1014 666 1164">
     <span class='ocr_line' id='line_1_16' title="bbox 36 1014 666 1164; baseline 0.013 -111"><span class='ocrx_word' id='word_1_104' title='bbox 36 1014 179 1064; x_wconf 79' lang='lat' dir='ltr'><strong>Privatusque</strong></span> <span class='ocrx_word' id='word_1_105' title='bbox 187 1016 255 1066; x_wconf 78' lang='lat' dir='ltr'><strong>magis</strong></span> <span class='ocrx_word' id='word_1_106' title='bbox 263 1017 334 1057; x_wconf 81' lang='lat' dir='ltr'><strong>vivam</strong></span> <span class='ocrx_word' id='word_1_107' title='bbox 343 1022 363 1056; x_wconf 85' lang='lat' dir='ltr'><strong>te</strong></span> <span class='ocrx_word' id='word_1_108' title='bbox 371 1030 420 1067; x_wconf 80' lang='lat' dir='ltr'><strong>rege</strong></span> <span class='ocrx_word' id='word_1_109' title='bbox 429 1020 510 1059; x_wconf 75' lang='lat' dir='ltr'><strong>beatus.</strong></span> <span class='ocrx_word' id='word_1_110' title='bbox 612 1031 666 1164; x_wconf 43' lang='grc' dir='ltr'><strong>ἢ</strong></span> 
     </span>
    </p>
   </div>
   <div class='ocr_carea' id='block_1_4' title="bbox 256 1171 413 1212">
    <p class='ocr_par' dir='ltr' id='par_1_6' title="bbox 256 1171 413 1212">
     <span class='ocr_line' id='line_1_17' title="bbox 256 1171 413 1212; baseline 0.013 -2"><span class='ocrx_word' id='word_1_111' title='bbox 256 1171 363 1212; x_wconf 78' lang='lat' dir='ltr'>SATIRA</span> <span class='ocrx_word' id='word_1_112' title='bbox 376 1173 413 1212; x_wconf 83' lang='lat' dir='ltr'><strong>iv.</strong></span> 
     </span>
    </p>
   </div>
   <div class='ocr_carea' id='block_1_5' title="bbox 7 1270 670 2289">
    <p class='ocr_par' dir='ltr' id='par_1_7' title="bbox 7 1270 670 1935">
     <span class='ocr_line' id='line_1_18' title="bbox 7 1270 634 1328; baseline 0.019 -21"><span class='ocrx_word' id='word_1_113' title='bbox 7 1286 8 1293; x_wconf 43' lang='lat'>¹</span> <span class='ocrx_word' id='word_1_114' title='bbox 36 1270 147 1314; x_wconf 80' lang='lat' dir='ltr'><strong>Enrous,</strong></span> <span class='ocrx_word' id='word_1_115' title='bbox 157 1275 221 1320; x_wconf 81' lang='lat' dir='ltr'><strong>atque</strong></span> <span class='ocrx_word' id='word_1_116' title='bbox 235 1273 340 1321; x_wconf 76' lang='lat' dir='ltr'><strong>Cratinus,</strong></span> <span class='ocrx_word' id='word_1_117' title='bbox 351 1276 550 1326; x_wconf 81' lang='lat' dir='ltr'><strong>Aristophanesque,</strong></span> <span class='ocrx_word' id='word_1_118' title='bbox 559 1283 634 1328; x_wconf 75' lang='lat' dir='ltr'><strong>poetae,</strong></span> 
     </span>
     <span class='ocr_line' id='line_1_19' title="bbox 36 1320 596 1377; baseline 0.02 -19"><span class='ocrx_word' id='word_1_119' title='bbox 36 1324 106 1370; x_wconf 74' lang='lat' dir='ltr'><strong>Atque</strong></span> <span class='ocrx_word' id='word_1_120' title='bbox 115 1320 160 1366; x_wconf 84' lang='lat' dir='ltr'><strong>alii,</strong></span> <span class='ocrx_word' id='word_1_121' title='bbox 173 1333 262 1369; x_wconf 88' lang='lat' dir='ltr'><strong>quorum</strong></span> <span class='ocrx_word' id='word_1_122' title='bbox 271 1327 375 1365; x_wconf 84' lang='lat' dir='ltr'><strong>comoedie</strong></span> <span class='ocrx_word' id='word_1_123' title='bbox 381 1329 450 1377; x_wconf 85' lang='lat' dir='ltr'><strong>prisca</strong></span> <span class='ocrx_word' id='word_1_124' title='bbox 458 1329 550 1368; x_wconf 85' lang='lat' dir='ltr'><strong>virorum</strong></span> <span class='ocrx_word' id='word_1_125' title='bbox 558 1337 596 1375; x_wconf 91' lang='lat' dir='ltr'><strong>est,</strong></span> 
     </span>
     <span class='ocr_line' id='line_1_20' title="bbox 36 1371 608 1429; baseline 0.023 -21"><span class='ocrx_word' id='word_1_126' title='bbox 36 1371 57 1410; x_wconf 87' lang='lat' dir='ltr'><strong>Si</strong></span> <span class='ocrx_word' id='word_1_127' title='bbox 65 1372 114 1421; x_wconf 89' lang='lat' dir='ltr'><strong>quis</strong></span> <span class='ocrx_word' id='word_1_128' title='bbox 123 1375 170 1409; x_wconf 82' lang='lat' dir='ltr'><strong>erat</strong></span> <span class='ocrx_word' id='word_1_129' title='bbox 178 1372 253 1421; x_wconf 81' lang='lat' dir='ltr'><strong>dignus</strong></span> <span class='ocrx_word' id='word_1_130' title='bbox 262 1376 358 1424; x_wconf 84' lang='lat' dir='ltr'><strong>describi,</strong></span> <span class='ocrx_word' id='word_1_131' title='bbox 369 1380 425 1427; x_wconf 89' lang='lat' dir='ltr'><strong>quod</strong></span> <span class='ocrx_word' id='word_1_132' title='bbox 433 1379 508 1426; x_wconf 80' lang='lat' dir='ltr'><strong>malus,</strong></span> <span class='ocrx_word' id='word_1_133' title='bbox 520 1385 558 1420; x_wconf 83' lang='lat' dir='ltr'><strong>aut</strong></span> <span class='ocrx_word' id='word_1_134' title='bbox 568 1382 608 1429; x_wconf 80' lang='lat' dir='ltr'><strong>fur,</strong></span> 
     </span>
     <span class='ocr_line' id='line_1_21' title="bbox 35 1421 560 1480; baseline 0.025 -22"><span class='ocrx_word' id='word_1_135' title='bbox 35 1422 96 1467; x_wconf 77' lang='lat' dir='ltr'><strong>Quod</strong></span> <span class='ocrx_word' id='word_1_136' title='bbox 105 1421 204 1461; x_wconf 83' lang='lat' dir='ltr'><strong>moechus</strong></span> <span class='ocrx_word' id='word_1_137' title='bbox 213 1424 274 1471; x_wconf 83' lang='lat' dir='ltr'><strong>foret,</strong></span> <span class='ocrx_word' id='word_1_138' title='bbox 284 1431 322 1466; x_wconf 81' lang='lat' dir='ltr'><strong>eut</strong></span> <span class='ocrx_word' id='word_1_139' title='bbox 330 1429 424 1476; x_wconf 80' lang='lat' dir='ltr'><strong>sicarius,</strong></span> <span class='ocrx_word' id='word_1_140' title='bbox 434 1435 472 1469; x_wconf 80' lang='lat' dir='ltr'><strong>aut</strong></span> <span class='ocrx_word' id='word_1_141' title='bbox 480 1431 560 1480; x_wconf 85' lang='lat' dir='ltr'><strong>alioqui</strong></span> 
     </span>
     <span class='ocr_line' id='line_1_22' title="bbox 36 1471 504 1520; baseline 0.019 -9"><span class='ocrx_word' id='word_1_142' title='bbox 36 1471 145 1517; x_wconf 74' lang='lat' dir='ltr'><strong>Femosus,</strong></span> <span class='ocrx_word' id='word_1_143' title='bbox 155 1473 223 1512; x_wconf 83' lang='lat' dir='ltr'><strong>multa</strong></span> <span class='ocrx_word' id='word_1_144' title='bbox 232 1487 281 1516; x_wconf 90' lang='lat' dir='ltr'><strong>cum</strong></span> <span class='ocrx_word' id='word_1_145' title='bbox 289 1477 386 1518; x_wconf 79' lang='lat' dir='ltr'><strong>libertate</strong></span> <span class='ocrx_word' id='word_1_146' title='bbox 394 1482 504 1520; x_wconf 78' lang='lat' dir='ltr'><strong>notabant.</strong></span> 
     </span>
     <span class='ocr_line' id='line_1_23' title="bbox 36 1521 538 1579; baseline 0.024 -19"><span class='ocrx_word' id='word_1_147' title='bbox 36 1521 91 1562; x_wconf 84' lang='lat' dir='ltr'><strong>Hinc</strong></span> <span class='ocrx_word' id='word_1_148' title='bbox 100 1524 171 1562; x_wconf 88' lang='lat' dir='ltr'><strong>omnis</strong></span> <span class='ocrx_word' id='word_1_149' title='bbox 179 1526 258 1572; x_wconf 80' lang='lat' dir='ltr'><strong>pendet</strong></span> <span class='ocrx_word' id='word_1_150' title='bbox 266 1527 367 1575; x_wconf 87' lang='lat' dir='ltr'><strong>Lucilius,</strong></span> <span class='ocrx_word' id='word_1_151' title='bbox 376 1531 439 1570; x_wconf 85' lang='lat' dir='ltr'><strong>hosce</strong></span> <span class='ocrx_word' id='word_1_152' title='bbox 448 1537 538 1579; x_wconf 80' lang='lat' dir='ltr'><strong>secutus,</strong></span> 
     </span>
     <span class='ocr_line' id='line_1_24' title="bbox 36 1572 571 1631; baseline 0.024 -21"><span class='ocrx_word' id='word_1_153' title='bbox 36 1572 125 1612; x_wconf 78' lang='lat' dir='ltr'><strong>Mutatis</strong></span> <span class='ocrx_word' id='word_1_154' title='bbox 134 1576 218 1613; x_wconf 80' lang='lat' dir='ltr'><strong>tantum</strong></span> <span class='ocrx_word' id='word_1_155' title='bbox 227 1577 317 1625; x_wconf 87' lang='lat' dir='ltr'><strong>pedibus</strong></span> <span class='ocrx_word' id='word_1_156' title='bbox 325 1583 470 1631; x_wconf 73' lang='lat' dir='ltr'><strong>numerisque,</strong></span> <span class='ocrx_word' id='word_1_157' title='bbox 483 1583 571 1630; x_wconf 79' lang='lat' dir='ltr'><strong>facetus,</strong></span> 
     </span>
     <span class='ocr_line' id='line_1_25' title="bbox 36 1622 522 1678; baseline 0.023 -17"><span class='ocrx_word' id='word_1_158' title='bbox 36 1622 149 1663; x_wconf 81' lang='lat' dir='ltr'><strong>Emunctae</strong></span> <span class='ocrx_word' id='word_1_159' title='bbox 158 1625 222 1670; x_wconf 83' lang='lat' dir='ltr'><strong>naris,</strong></span> <span class='ocrx_word' id='word_1_160' title='bbox 232 1627 297 1666; x_wconf 88' lang='lat' dir='ltr'><strong>durus</strong></span> <span class='ocrx_word' id='word_1_161' title='bbox 306 1639 430 1678; x_wconf 89' lang='lat' dir='ltr'><strong>componere</strong></span> <span class='ocrx_word' id='word_1_162' title='bbox 438 1644 522 1672; x_wconf 85' lang='lat' dir='ltr'><strong>versus:</strong></span> 
     </span>
     <span class='ocr_line' id='line_1_26' title="bbox 35 1672 578 1731; baseline 0.024 -20"><span class='ocrx_word' id='word_1_163' title='bbox 35 1673 90 1713; x_wconf 74' lang='lat' dir='ltr'><strong>Nam</strong></span> <span class='ocrx_word' id='word_1_164' title='bbox 98 1675 142 1714; x_wconf 83' lang='lat' dir='ltr'><strong>fuit</strong></span> <span class='ocrx_word' id='word_1_165' title='bbox 150 1672 191 1714; x_wconf 88' lang='lat' dir='ltr'><strong>hoc</strong></span> <span class='ocrx_word' id='word_1_166' title='bbox 200 1676 298 1721; x_wconf 59' lang='lat' dir='ltr'><strong>vitiosum</strong></span> <span class='ocrx_word' id='word_1_167' title='bbox 312 1678 335 1717; x_wconf 87' lang='lat' dir='ltr'><strong>in</strong></span> <span class='ocrx_word' id='word_1_168' title='bbox 343 1679 396 1718; x_wconf 79' lang='lat' dir='ltr'><strong>hore</strong></span> <span class='ocrx_word' id='word_1_169' title='bbox 403 1690 460 1731; x_wconf 81' lang='lat' dir='ltr'><strong>saepe</strong></span> <span class='ocrx_word' id='word_1_170' title='bbox 469 1684 578 1731; x_wconf 82' lang='lat' dir='ltr'><strong>ducentos,</strong></span> 
     </span>
     <span class='ocr_line' id='line_1_27' title="bbox 35 1722 633 1781; baseline 0.023 -20"><span class='ocrx_word' id='word_1_171' title='bbox 35 1722 63 1763; x_wconf 78' lang='lat' dir='ltr'><strong>Ut</strong></span> <span class='ocrx_word' id='word_1_172' title='bbox 69 1736 181 1774; x_wconf 77' lang='lat' dir='ltr'><strong>magnum,</strong></span> <span class='ocrx_word' id='word_1_173' title='bbox 191 1737 264 1765; x_wconf 82' lang='lat' dir='ltr'><strong>versus</strong></span> <span class='ocrx_word' id='word_1_174' title='bbox 273 1728 367 1768; x_wconf 71' lang='lat' dir='ltr'><strong>dictabat</strong></span> <span class='ocrx_word' id='word_1_175' title='bbox 374 1737 432 1770; x_wconf 81' lang='lat' dir='ltr'><strong>stans</strong></span> <span class='ocrx_word' id='word_1_176' title='bbox 440 1734 494 1780; x_wconf 86' lang='lat' dir='ltr'><strong>pede</strong></span> <span class='ocrx_word' id='word_1_177' title='bbox 503 1734 525 1772; x_wconf 89' lang='lat' dir='ltr'><strong>in</strong></span> <span class='ocrx_word' id='word_1_178' title='bbox 535 1746 591 1781; x_wconf 89' lang='lat' dir='ltr'><strong>uno,·</strong></span> <span class='ocrx_word' id='word_1_179' title='bbox 611 1736 633 1775; x_wconf 87' lang='lat'><strong>10</strong></span> 
     </span>
     <span class='ocr_line' id='line_1_28' title="bbox 35 1774 610 1838; baseline 0.023 -26"><span class='ocrx_word' id='word_1_180' title='bbox 35 1774 105 1820; x_wconf 81' lang='lat' dir='ltr'><strong>Quum</strong></span> <span class='ocrx_word' id='word_1_181' title='bbox 113 1776 191 1817; x_wconf 78' lang='lat' dir='ltr'><strong>flueret</strong></span> <span class='ocrx_word' id='word_1_182' title='bbox 200 1776 325 1824; x_wconf 85' lang='lat' dir='ltr'><strong>lutulentus,</strong></span> <span class='ocrx_word' id='word_1_183' title='bbox 335 1785 380 1819; x_wconf 76' lang='lat' dir='ltr'><strong>erat</strong></span> <span class='ocrx_word' id='word_1_184' title='bbox 388 1783 445 1829; x_wconf 87' lang='lat' dir='ltr'><strong>quod</strong></span> <span class='ocrx_word' id='word_1_185' title='bbox 454 1783 527 1823; x_wconf 82' lang='lat' dir='ltr'><strong>tollere</strong></span> <span class='ocrx_word' id='word_1_186' title='bbox 535 1785 610 1838; x_wconf 76' lang='lat' dir='ltr'><strong>velles3</strong></span> 
     </span>
     <span class='ocr_line' id='line_1_29' title="bbox 36 1824 670 1885; baseline 0.024 -24"><span class='ocrx_word' id='word_1_187' title='bbox 36 1824 145 1873; x_wconf 74' lang='lat' dir='ltr'><strong>Garrulus,</strong></span> <span class='ocrx_word' id='word_1_188' title='bbox 154 1828 219 1875; x_wconf 82' lang='lat' dir='ltr'><strong>etque</strong></span> <span class='ocrx_word' id='word_1_189' title='bbox 227 1828 286 1876; x_wconf 78' lang='lat' dir='ltr'><strong>piger</strong></span> <span class='ocrx_word' id='word_1_190' title='bbox 294 1830 400 1870; x_wconf 86' lang='lat' dir='ltr'><strong>scribendi</strong></span> <span class='ocrx_word' id='word_1_191' title='bbox 408 1833 462 1871; x_wconf 78' lang='lat' dir='ltr'><strong>ferre</strong></span> <span class='ocrx_word' id='word_1_192' title='bbox 470 1834 572 1881; x_wconf 76' lang='lat' dir='ltr'><strong>laborem,</strong></span> <span class='ocrx_word' id='word_1_193' title='bbox 665 1874 670 1885; x_wconf 83' lang='grc'><strong>,</strong></span> 
     </span>
     <span class='ocr_line' id='line_1_30' title="bbox 34 1874 624 1935; baseline 0.019 -19"><span class='ocrx_word' id='word_1_194' title='bbox 34 1874 219 1922; x_wconf 60' lang='lat' dir='ltr'><strong>&amp;nsenueecter</strong></span> <span class='ocrx_word' id='word_1_195' title='bbox 233 1889 284 1916; x_wconf 80' lang='lat' dir='ltr'><strong>nam</strong></span> <span class='ocrx_word' id='word_1_196' title='bbox 291 1880 422 1929; x_wconf 72' lang='lat' dir='ltr'><strong>nimitum,</strong></span> <span class='ocrx_word' id='word_1_197' title='bbox 432 1884 463 1922; x_wconf 90' lang='lat' dir='ltr'><strong>nil</strong></span> <span class='ocrx_word' id='word_1_198' title='bbox 471 1895 547 1924; x_wconf 87' lang='lat' dir='ltr'><strong>moror.</strong></span> <span class='ocrx_word' id='word_1_199' title='bbox 563 1887 624 1935; x_wconf 88' lang='lat' dir='ltr'><strong>Ecce,</strong></span> 
     </span>
    </p>

    <p class='ocr_par' dir='ltr' id='par_1_8' title="bbox 60 1926 573 1984">
     <span class='ocr_line' id='line_1_31' title="bbox 60 1926 573 1984; baseline 0.023 -20"><span class='ocrx_word' id='word_1_200' title='bbox 60 1926 65 1936; x_wconf 92' lang='grc'><strong>’</strong></span> <span class='ocrx_word' id='word_1_201' title='bbox 94 1929 100 1937; x_wconf 86' lang='grc'><strong>“</strong></span> <span class='ocrx_word' id='word_1_202' title='bbox 116 1928 399 1978; x_wconf 77' lang='lat' dir='ltr'><strong>neminimomeprovocst:</strong></span> <span class='ocrx_word' id='word_1_203' title='bbox 417 1933 501 1984; x_wconf 82' lang='lat' dir='ltr'><strong>Accipe,</strong></span> <span class='ocrx_word' id='word_1_204' title='bbox 511 1937 573 1982; x_wconf 81' lang='lat' dir='ltr'><strong>siris,</strong></span> 
     </span>
    </p>

    <p class='ocr_par' dir='ltr' id='par_1_9' title="bbox 97 1976 531 2031">
     <span class='ocr_line' id='line_1_32' title="bbox 97 1976 531 2031; baseline 0.016 -13"><span class='ocrx_word' id='word_1_205' title='bbox 97 1976 145 2019; x_wconf 70' lang='lat' dir='ltr'><strong>im</strong></span> <span class='ocrx_word' id='word_1_206' title='bbox 152 1977 247 2023; x_wconf 57' lang='lat' dir='ltr'><strong>monim</strong></span> <span class='ocrx_word' id='word_1_207' title='bbox 262 1981 324 2019; x_wconf 76' lang='lat' dir='ltr'><strong>detur</strong></span> <span class='ocrx_word' id='word_1_208' title='bbox 330 1983 390 2021; x_wconf 87' lang='lat' dir='ltr'><strong>nobis</strong></span> <span class='ocrx_word' id='word_1_209' title='bbox 398 1983 462 2030; x_wconf 86' lang='lat' dir='ltr'><strong>iocus,</strong></span> <span class='ocrx_word' id='word_1_210' title='bbox 472 1985 531 2031; x_wconf 82' lang='lat' dir='ltr'><strong>hore,</strong></span> 
     </span>
    </p>

    <p class='ocr_par' dir='ltr' id='par_1_10' title="bbox 66 2028 567 2086">
     <span class='ocr_line' id='line_1_33' title="bbox 66 2028 567 2086; baseline 0.024 -22"><span class='ocrx_word' id='word_1_211' title='bbox 66 2068 68 2071; x_wconf 55' lang='grc'><strong>,</strong></span> <span class='ocrx_word' id='word_1_212' title='bbox 125 2036 148 2073; x_wconf 68' lang='grc' dir='ltr'><strong>ι’,</strong></span> <span class='ocrx_word' id='word_1_213' title='bbox 160 2028 277 2077; x_wconf 77' lang='lat' dir='ltr'><strong>rideamus,</strong></span> <span class='ocrx_word' id='word_1_214' title='bbox 286 2035 333 2070; x_wconf 84' lang='lat' dir='ltr'><strong>uter</strong></span> <span class='ocrx_word' id='word_1_215' title='bbox 341 2031 389 2080; x_wconf 88' lang='lat' dir='ltr'><strong>plus</strong></span> <span class='ocrx_word' id='word_1_216' title='bbox 397 2035 487 2074; x_wconf 88' lang='lat' dir='ltr'><strong>scribere</strong></span> <span class='ocrx_word' id='word_1_217' title='bbox 495 2038 567 2086; x_wconf 82' lang='lat' dir='ltr'><strong>possit.</strong></span> 
     </span>
    </p>

    <p class='ocr_par' dir='ltr' id='par_1_11' title="bbox 34 2074 554 2186">
     <span class='ocr_line' id='line_1_34' title="bbox 34 2074 546 2136; baseline 0.018 -19"><span class='ocrx_word' id='word_1_218' title='bbox 34 2074 125 2121; x_wconf 65' lang='lat' dir='ltr'><strong>Bibae</strong></span> <span class='ocrx_word' id='word_1_219' title='bbox 134 2077 238 2126; x_wconf 74' lang='lat' dir='ltr'><strong>fecessunt,</strong></span> <span class='ocrx_word' id='word_1_220' title='bbox 247 2081 316 2130; x_wconf 87' lang='lat' dir='ltr'><strong>inopis</strong></span> <span class='ocrx_word' id='word_1_221' title='bbox 324 2094 358 2121; x_wconf 90' lang='lat' dir='ltr'><strong>me</strong></span> <span class='ocrx_word' id='word_1_222' title='bbox 367 2086 466 2134; x_wconf 86' lang='lat' dir='ltr'><strong>quodque</strong></span> <span class='ocrx_word' id='word_1_223' title='bbox 474 2087 546 2136; x_wconf 87' lang='lat' dir='ltr'><strong>pusilli</strong></span> 
     </span>
     <span class='ocr_line' id='line_1_35' title="bbox 159 2128 554 2186; baseline 0.025 -18"><span class='ocrx_word' id='word_1_224' title='bbox 159 2128 234 2177; x_wconf 60' lang='lat' dir='ltr'><strong>eninm</strong></span> <span class='ocrx_word' id='word_1_225' title='bbox 241 2142 289 2171; x_wconf 82' lang='lat' dir='ltr'><strong>raro</strong></span> <span class='ocrx_word' id='word_1_226' title='bbox 297 2137 319 2171; x_wconf 87' lang='lat' dir='ltr'><strong>et</strong></span> <span class='ocrx_word' id='word_1_227' title='bbox 325 2144 432 2183; x_wconf 74' lang='lat' dir='ltr'><strong>perpauco</strong></span> <span class='ocrx_word' id='word_1_228' title='bbox 439 2136 554 2186; x_wconf 74' lang='lat' dir='ltr'><strong>loquentis,</strong></span> 
     </span>
    </p>

    <p class='ocr_par' dir='ltr' id='par_1_12' title="bbox 34 2174 630 2289">
     <span class='ocr_line' id='line_1_36' title="bbox 34 2174 481 2234; baseline 0.025 -19"><span class='ocrx_word' id='word_1_229' title='bbox 34 2174 216 2233; x_wconf 49' lang='lat' dir='ltr'><strong>&amp;immunimus</strong></span> <span class='ocrx_word' id='word_1_230' title='bbox 221 2181 309 2221; x_wconf 82' lang='lat' dir='ltr'><strong>hircinis</strong></span> <span class='ocrx_word' id='word_1_231' title='bbox 317 2183 403 2227; x_wconf 74' lang='lat' dir='ltr'><strong>follibru</strong></span> <span class='ocrx_word' id='word_1_232' title='bbox 412 2197 481 2234; x_wconf 80' lang='lat' dir='ltr'><strong>aures,</strong></span> 
     </span>
     <span class='ocr_line' id='line_1_37' title="bbox 34 2224 630 2289; baseline 0.022 -21"><span class='ocrx_word' id='word_1_233' title='bbox 34 2224 240 2283; x_wconf 66' lang='lat' dir='ltr'><strong>bqnehcornues,</strong></span> <span class='ocrx_word' id='word_1_234' title='bbox 250 2234 301 2273; x_wconf 84' lang='lat' dir='ltr'><strong>dum</strong></span> <span class='ocrx_word' id='word_1_235' title='bbox 310 2234 389 2275; x_wconf 75' lang='lat' dir='ltr'><strong>ferrum</strong></span> <span class='ocrx_word' id='word_1_236' title='bbox 398 2238 481 2278; x_wconf 80' lang='lat' dir='ltr'><strong>molliat</strong></span> <span class='ocrx_word' id='word_1_237' title='bbox 488 2240 548 2289; x_wconf 72' lang='lat' dir='ltr'><strong>ignis,</strong></span> <span class='ocrx_word' id='word_1_238' title='bbox 605 2243 630 2280; x_wconf 86' lang='lat'><strong>20</strong></span> 
     </span>
    </p>
   </div>
   <div class='ocr_carea' id='block_1_6' title="bbox 0 0 764 2572">
    <p class='ocr_par' dir='ltr' id='par_1_13' title="bbox 0 0 764 2572">
     <span class='ocr_line' id='line_1_38' title="bbox 0 0 764 2572; baseline 0 0"><span class='ocrx_word' id='word_1_239' title='bbox 0 0 764 2572; x_wconf 95' lang='lat' dir='ltr'><strong> </strong></span> 
     </span>
    </p>
   </div>
  </div>
 </body>
</html>
