1520 2572
107 149 142 186 112
267 150 292 192 Q·
307 149 430 191 HORATH
443 153 541 193 iinccl

131 273 220 314 Arctius.
230 272 293 317 atque
301 267 380 306 beders
386 278 472 317 prooem
480 268 618 318 adstringitur
623 272 674 319 ilex,

203 321 275 360 Lentis
283 318 393 358 adherens
401 318 503 358 brachiis:

129 376 185 413 Dum
193 371 264 421 pecori
271 371 341 419 iupus.
350 374 372 407 st
379 370 449 408 nautis
457 369 549 410 infestis
556 370 623 411 Orion

203 422 306 460 turbaret
313 420 425 458 hibernum
431 430 497 465 mars,

127 476 266 520 intonsosque
275 471 363 519 agitaret
371 470 476 519 Apollinis
484 481 537 509 aum
544 473 640 522 capillos,

201 523 253 561 Fore
261 522 318 559 hunc
326 531 419 559 amorem
428 524 533 560 mutuum.

125 573 144 615 0
152 574 244 614 dolitura
252 582 300 611 mea
308 571 400 609 muitum
408 571 485 609 virtute
495 571 584 611 Neaera!

200 624 261 667 Nem.
271 623 288 661 si
297 622 349 670 quid
356 623 380 660 iu
388 621 463 660 Flacco
471 622 511 660 viri
518 627 557 668 est,

126 677 173 716 Non
181 675 234 713 feret
241 673 336 712 assiduas
343 673 419 721 potiori
428 676 448 710 ts
458 673 508 711 dare
517 677 596 720 noctes,

200 724 226 763 Et
233 727 314 772 queret
322 723 387 761 iratus
395 734 477 771 parem:

125 778 169 816 Nec
177 775 242 815 semel
250 774 324 813 offensi
332 774 393 812 cedet
400 773 519 812 constantia
527 773 608 821 iormae,

201 826 222 863 Si
230 829 299 865 certus
307 824 391 862 intrarit
399 824 465 862 dolor.

125 878 154 916 At
162 880 192 923 tu,
202 876 323 926 quicunque
332 885 354 913 es
362 874 450 917 felicior.
459 877 523 923 atque
533 886 582 913 meo
590 886 652 914 nune

200 926 307 976 Superbus
315 925 395 963 incedis
407 925 470 969 malo,

125 979 157 1017 Sis
165 989 240 1027 pecore
249 981 271 1015 et
278 975 346 1014 mults
351 977 410 1014 dives
418 975 493 1014 tellure
503 972 584 1021 iicebit,

200 1028 290 1076 Tibique
300 1025 397 1065 Pactolus
404 1026 464 1072 fluat,

126 1081 199 1118 Necte
209 1078 331 1127 Pythagorae
340 1076 416 1115 fallant
423 1087 500 1115 arcena
508 1076 583 1121 renati.

201 1130 317 1176 Formeque
325 1127 398 1166 vinces
407 1127 482 1165 Nirea:

126 1180 198 1219 Eheu!
213 1179 324 1218 transistus
332 1176 375 1216 alio
383 1177 481 1216 moerebis
490 1188 582 1216 amores:

201 1232 240 1269 Ast
249 1241 287 1278 ego
295 1228 386 1268 vicissim
395 1229 466 1268 risero.

333 1438 392 1478 01)ss
404 1429 463 1475 XVI.

247 1541 281 1579 lin
297 1540 410 1579 Posunuu
426 1539 558 1578 nonnius.

100 1628 250 1679 Absentiam
259 1630 333 1669 teritur
341 1629 404 1668 bellis
413 1629 511 1668 civilibus
518 1633 578 1674 etas.

125 1682 176 1732 Suis
181 1684 202 1720 et
211 1682 258 1730 ipss
267 1680 336 1720 Roma
343 1681 423 1719 viribus
431 1681 474 1719 ruit
483 1691 487 1717 :

100 1733 169 1778 Quam
177 1743 246 1781 neque
255 1732 339 1770 finitimi
349 1731 462 1769 valuerunt
471 1730 559 1779 perdere
568 1729 645 1775 Marsi,

126 1783 216 1821 Minacis
225 1787 263 1820 sut
272 1783 360 1821 Etrusca
369 1781 466 1820 Porsenoe
475 1791 558 1825 munus,

100 1832 186 1870 AEmula
195 1843 233 1871 nec
242 1832 307 1870 virtus
316 1833 401 1881 capuae,
412 1842 452 1870 nee
461 1832 574 1879 Spartacus
584 1841 641 1876 seer,

126 1883 232 1931 Novisque
240 1883 303 1921 rebus
310 1882 401 1920 infidelis
411 1881 524 1927 Aliobrox;

100 1932 120 1970 N
121 1943 145 1970 ee
153 1932 198 1971 fera
206 1932 297 1971 cerulea
305 1933 388 1971 domuit
397 1933 511 1971 Germania
518 1931 583 1980 pube,

126 1982 293 2031 Parentibusque
302 1982 436 2021 abominatus
446 1982 567 2021 Hannibal:

101 2031 169 2079 Impia
177 2034 289 2080 perdemus
297 2033 367 2071 devoti
375 2034 484 2082 sanguinis
494 2037 559 2078 ειυς

126 2082 225 2130 Ferisqus
236 2093 307 2121 rursus
315 2083 453 2131 occupabitur
461 2083 537 2121 solum.

101 2131 212 2175 Barbarus,
222 2132 276 2170 heui
291 2133 371 2171 cineres
379 2134 462 2171 insistet
470 2134 542 2179 victor,
552 2139 575 2173 et
584 2137 662 2175 urbem

126 2181 195 2228 Eques
203 2186 291 2219 sonante
300 2183 417 2221 verberabit
426 2183 518 2231 ungium
