1562 2568
110 197 147 235 236
273 193 299 235 Q„
313 190 437 232 nonnuli
450 189 549 229 mcci

112 313 194 351 Natura
201 312 261 350 fleret
269 308 376 350 laudabile
384 317 477 350 carmen.
487 317 515 344 an
523 310 575 350 arte,

112 363 232 409 Quasitum
239 366 281 401 est:
296 371 335 408 ego
343 370 383 398 nec
391 358 485 396 studium
494 358 539 396 sine
547 358 613 396 dieite
622 369 684 402 vene,

112 414 130 451 N
133 424 157 452 ec
165 415 224 459 rude,
234 412 286 461 quid
294 410 365 460 possit,
374 410 436 448 video
444 408 553 455 ingenium
561 419 566 445 :
582 407 671 448 alterius
679 409 712 448 sic
776 400 778 451 t

112 458 595 512 Alterapescitopemres,etconluratamice.
672 461 709 498 ill

112 515 154 559 Qui
162 515 234 553 studet
242 517 336 561 optatam
344 521 407 549 cursu
416 509 536 557 contingere
544 512 632 555 metam.

113 564 182 603 Multa
190 563 240 602 tulit
247 563 339 609 fecitque
347 572 406 609 puer,
417 560 501 599 sudavit
509 564 531 597 et
539 559 598 603 alslts

112 615 221 653 Abstinuit
232 612 313 651 Venere
322 616 344 650 et
353 611 416 650 vino:
430 611 468 659 qni
477 610 552 658 Pythia
560 614 635 649 cantat

111 665 206 709 Tibicen.
214 663 289 703 didicit
294 662 353 712 prius
361 662 503 710 extimuitque
510 661 642 709 magistrum.

112 716 157 754 Nec
163 715 214 754 satis
222 717 255 753 est
262 713 351 752 dixisse:
367 715 381 734 “
389 713 434 760 Ego
441 713 496 750 mira
503 716 602 760 poemata
608 722 689 761 pango:

111 767 205 815 Occupet
213 768 332 803 extremum
340 764 429 809 scabies,
438 762 491 801 mihi
499 766 560 811 turpe
568 761 661 811 relinqui
670 770 708 811 est,
777 766 778 783 ¹

112 818 145 860 Et,
155 817 213 865 quod
221 827 264 854 non
272 814 344 854 didici.
354 824 405 852 sane
413 814 501 859 nescire,
511 812 595 852 fateri.”

137 867 166 906 Ut
174 877 250 916 praeco,
259 866 287 905 ad
294 875 376 903 merces
383 864 469 903 turbam
477 863 514 913 qui
522 863 579 911 cogit
586 865 694 910 emendas,

112 914 561 965 Assentateresjubetedlucrumirepoeta
671 918 709 954 420

113 969 176 1007 Dives
184 969 246 1018 agris,
255 969 314 1006 dives
322 966 395 1015 positis
402 966 425 1003 in
433 966 514 1004 ioenore
522 965 624 1004 nummis.

112 1019 133 1056 Si
142 1031 192 1058 vero
199 1024 237 1064 est,
249 1022 338 1057 unctum
346 1017 384 1065 qui
391 1021 448 1054 recte
456 1026 535 1064 ponere
542 1015 615 1064 possit.

112 1070 140 1108 Et
148 1071 251 1119 spondere
259 1068 301 1108 levi
309 1079 347 1117 pro
355 1077 456 1116 paupere,
466 1069 488 1104 et
496 1067 577 1114 eripere
586 1066 638 1105 atris

111 1119 194 1160 Litihus
202 1120 335 1171 implicitum,
344 1117 443 1163 mirabor,
455 1118 474 1155 si
481 1117 535 1155 sciet
542 1117 607 1155 inter-

112 1170 204 1210 Noecere
212 1172 337 1210 mendacem
345 1178 462 1216 verumque
472 1168 547 1205 beatus
556 1167 657 1206 amicum.

111 1221 150 1266 Tu,
161 1233 198 1261 seu
207 1222 298 1265 donaris,
308 1230 346 1258 seu
354 1219 406 1269 quid
414 1220 493 1257 donare
501 1216 559 1257 voles
567 1217 609 1263 cui,

112 1271 185 1310 Nolito
193 1273 221 1311 ad
228 1282 300 1311 versus
308 1270 348 1308 tibi
356 1270 423 1308 lactus
430 1270 509 1308 ducere
519 1268 607 1318 plenum

112 1322 214 1366 letitiae:
228 1321 330 1361 clamabit
336 1321 400 1365 enim,
410 1319 517 1358 Pulchre!
529 1319 594 1357 bene!
608 1321 679 1358 recte!

113 1373 222 1418 Pallescet,
232 1382 295 1421 super
302 1371 336 1410 his
344 1371 409 1409 etiam
417 1370 507 1410 stillabit
514 1369 588 1408 amicis

37 1422 40 1429 ’
113 1423 309 1467 Exoeulisrorem;
322 1421 390 1467 saliet,
400 1420 537 1470 tundetpede
545 1423 632 1458 terram.
671 1423 708 1459 430

113 1473 148 1520 Ut,
158 1476 195 1523 qui
203 1473 303 1512 conducti
310 1472 396 1522 plorant
403 1473 426 1510 in
435 1472 516 1517 funere,
526 1471 601 1510 dicunt

113 1525 141 1564 Et
148 1525 230 1564 iaciunt
238 1535 303 1612 prope
311 1522 374 1572 plura
381 1522 503 1562 dolentibus
509 1526 538 1560 ex
545 1521 625 1566 animo,
634 1523 665 1560 sic

114 1577 198 1615 Derisor
205 1586 256 1614 vero
264 1585 278 1624 p
286 1585 312 1613 us
320 1575 430 1613 laudatore
438 1576 542 1612 movetur.

31 1608 50 1647 ‘³'
113 1627 181 1674 Reges
190 1627 289 1666 dicuntur
296 1625 370 1664 multis
378 1635 452 1673 urgere
460 1622 555 1667 culullie,

113 1678 140 1731 lit
147 1683 245 1726 torquere
252 1687 318 1722 mero,
328 1686 392 1725 quem
400 1675 531 1724 perspexisse
539 1672 639 1713 laborant

112 1728 146 1766 An
155 1729 183 1766 sit
191 1727 285 1767 amicitia
292 1728 377 1775 &gnus
402 1727 425 1764 si
434 1725 529 1764 carmina
537 1723 623 1767 condes.

113 1779 229 1827 Nunquam
237 1783 258 1818 te
268 1777 345 1816 fallant
352 1777 419 1815 animi
426 1776 466 1815 sub
474 1775 538 1824 vulpe
546 1773 644 1813 latentes.
703 1801 706 1805 f

57 1864 60 1875 x
112 1829 216 1874 Quintilio
225 1829 243 1868 si
251 1829 303 1879 quid
308 1828 414 1872 recitares,
424 1827 515 1874 Corripe,
523 1827 593 1869 sodes,

112 1880 166 1924 Hoc,
175 1880 252 1925 aiebat,
262 1883 284 1918 et
291 1879 341 1924 hoc3
356 1878 433 1917 melius
442 1881 463 1916 te
471 1885 532 1926 posse
539 1886 636 1924 negares,

112 1930 148 1969 Bis
157 1935 230 1979 terque
238 1934 350 1979 expertum
357 1929 441 1974 trustra,
451 1926 521 1966 delere
526 1927 625 1975 iubebat,
671 1931 711 1967 44⁰
735 1904 737 1909 Ι

113 1980 140 2019 Et
148 1980 203 2018 male
211 1984 305 2019 tornatos
312 1980 386 2019 incudi
392 1979 481 2017 reddere
489 1988 569 2016 versus.

111 2030 133 2067 Si
141 2030 254 2069 defendere
262 2031 370 2075 delictum,
379 2040 444 2078 quam
452 2032 540 2074 vertere,
549 2028 631 2076 malles,

776 978 778 1029 l

772 1036 778 1065 l

113 2079 202 2119 Nullum
214 2080 271 2119 ultra
282 2081 372 2120 verbum
384 2082 422 2118 aut
433 2090 519 2130 operam
529 2080 652 2120 insumebat
663 2082 711 2120 ina·
775 2124 776 2129 ,

113 2141 175 2224 Qun:¹
175 2141 220 2219 51¹3&
228 2180 290 2219 rivali
295 2185 360 2229 teque
370 2185 392 2220 et
399 2184 437 2219 tua
445 2180 503 2220 solus
509 2192 598 2220 amares.

112 2227 150 2266 Vir
158 2229 226 2270 bonus
232 2235 254 2269 et
262 2232 354 2280 prudens
360 2241 433 2270 versus
441 2231 582 2280 reprehendet
590 2233 676 2280 inertes,
751 2276 758 2285 ,
