1520 2572
189 194 359 233 SATIRARUM
372 195 427 234 ΜΒ.
442 194 472 232 ΙΙ.
592 197 626 234 ltl

31 310 70 348 Cui
77 308 135 348 mele
144 310 162 348 si
170 308 260 361 palpere,
268 309 385 348 recalcitret
393 310 489 358 undique
499 314 564 361 tutus.
604 312 628 350 20

32 360 117 405 Quanto
125 361 203 398 rectius
210 359 257 405 hoc,
264 371 328 409 quam
337 361 391 399 tristi
399 361 477 400 laedere
484 371 546 400 versu

32 410 174 449 Pantolabum
181 421 280 455 scurram,
291 411 490 460 Nomentanumque
498 415 597 460 nepotem
605 412 609 449 !

31 461 103 506 Quum
96 462 152 549 dillibi
160 462 248 511 quisque
254 462 320 507 timet,
327 473 456 511 quemquam
464 467 497 502 est
502 462 600 509 intactus,
608 466 631 501 ct

82 522 96 549 ο
113 512 135 549 't.

34 561 91 606 Quid
99 562 191 601 faciam?
204 561 268 601 saltat
278 562 386 607 Milonius,
396 568 421 602 ut
428 563 493 603 semel
499 566 542 603 icto

33 612 128 651 Accessit
135 612 203 651 fervor
211 613 281 661 capiti,
291 624 433 662 numerusque
440 614 539 654 lucernis.

33 663 106 701 Castor
113 664 192 712 gaudet
199 664 267 711 equis,
275 673 314 700 ovo
321 667 434 711 prognatus
443 666 517 703 eodem

34 712 122 761 Furni„
136 717 188 762 quot
195 713 290 760 capitum
297 713 376 759 vivunt,
386 714 473 753 totidem
481 716 599 754 studiorum

34 763 110 801 Miltia.
137 764 173 802 Me
182 763 272 812 pedibus
278 761 370 801 delectat
377 763 475 803 claudere
483 766 547 804 verbe

33 813 102 852 Lucili
110 815 159 857 ritu,
169 812 265 852 nostrum
273 812 366 851 melioris
374 818 470 861 utroque.

34 864 72 903 Ille
81 864 141 903 velut
147 865 195 903 fidis
203 873 281 902 arcana
289 863 396 902 sodalibus
404 863 455 901 olim
605 868 630 905 ³0

34 915 137 953 credebat
143 915 214 960 libris;
228 924 304 962 neque,
314 914 332 952 si
340 913 396 951 male
404 919 501 959 cesserat,
511 925 606 963 unquam

35 965 153 1004 Decurrens
161 964 210 1010 elio,
219 975 288 1012 neque
297 964 390 1002 sibene:
404 974 446 1012 quo
454 964 484 1009 fit,
493 968 518 1002 ut
525 966 593 1004 omnis

35 1016 111 1054 votiva
119 1020 191 1065 pateat
198 1014 263 1053 veluti
273 1015 377 1063 descripta
383 1013 463 1052 tabella

35 1066 83 1105 Vita
100 1068 163 1105 senis.
195 1066 274 1114 Sequor
288 1065 353 1112 hunc,
370 1065 469 1103 Lucanus
485 1075 513 1103 eu
527 1064 630 1114 Appulus,

83 1127 173 1165 anceps:

35 1167 89 1205 Nam
100 1167 221 1206 Venusinus
229 1171 275 1205 arat
282 1166 346 1205 finem
354 1166 394 1204 sub
402 1169 516 1214 utrumque
524 1164 617 1211 colonus,
666 1197 670 1204 .

35 1217 114 1257 Missus
122 1218 150 1256 ed
157 1217 204 1262 boc,
213 1217 279 1266 pulsis
288 1218 356 1264 (vetus
364 1221 396 1255 est
403 1221 428 1255 ut
435 1217 501 1263 ferne)
511 1215 607 1262 Sabellis,

35 1269 81 1313 Quo
89 1279 118 1307 ne
126 1279 164 1316 per
171 1279 261 1306 vacuum
270 1268 367 1307 Romano
375 1269 492 1306 incurreret
497 1267 564 1306 hostis
571 1279 575 1311 ;

35 1319 82 1367 Sive
92 1319 150 1366 quod
163 1318 248 1405 Appula
254 1330 312 1367 gens,
322 1330 360 1358 seu
368 1319 425 1367 quod
433 1319 527 1357 Lucania
534 1316 615 1357 bellum

35 1368 144 1408 Incuteret
151 1369 185 1406 vio
194 1373 249 1407 enta.
276 1370 317 1408 Sed
324 1369 360 1408 hic
368 1369 428 1408 stilus
436 1369 495 1408 haud
502 1373 561 1418 petet
567 1368 623 1407 ultro

35 1419 162 1468 Quenquam
170 1419 309 1465 animantem
324 1425 345 1459 et
352 1431 387 1459 me
393 1421 459 1459 veluti
467 1420 571 1459 custodiet
577 1419 633 1459 ansis

35 1469 118 1519 vagina
126 1474 205 1515 tectus,
220 1481 283 1519 quem
292 1482 329 1509 cur
337 1472 463 1520 destringere
470 1482 533 1509 coner
607 1472 630 1508 tl

36 1520 103 1559 Tutus
112 1520 139 1558 ab
147 1520 229 1559 infestis
237 1521 365 1560 latronibusi
393 1523 411 1560 0
420 1526 485 1570 pater,
495 1526 517 1559 et
524 1532 562 1559 rex

36 1570 125 1620 Jupiter,
135 1574 160 1608 ut
167 1575 240 1619 pereat
247 1573 339 1619 positum
347 1572 441 1619 robigine
450 1571 523 1616 telum,

37 1621 80 1663 Nec
89 1621 202 1670 quisquam
211 1625 286 1659 noceat
293 1623 370 1670 cupido
377 1622 431 1660 mihi
440 1621 508 1669 pscisl
521 1625 544 1658 at
551 1620 594 1667 ille,

37 1672 77 1718 Qui
85 1683 122 1710 me
130 1670 240 1710 commbrit
246 1670 333 1716 (Melius
341 1683 384 1710 non
392 1675 483 1720 tangere,
492 1671 576 1719 clamo),

37 1722 111 1767 Flebit,
122 1726 143 1760 et
149 1721 237 1769 insignis
247 1725 291 1759 tota
299 1722 418 1760 cantabitur
424 1722 483 1760 urbe.

37 1773 122 1812 Cervius
131 1773 197 1810 iratus
206 1772 263 1819 leges
270 1771 381 1810 minitatur
389 1776 410 1809 et
417 1782 505 1815 urnamt

37 1823 125 1862 canidis
133 1820 215 1867 Albuti,
225 1821 303 1869 quibus
311 1826 343 1861 est
350 1821 444 1867 inimica,
452 1831 570 1867 venenum

38 1874 121 1913 Grsnde
129 1873 211 1911 malum
221 1872 303 1917 Furius,
312 1871 330 1910 si
339 1872 390 1920 quid
398 1882 420 1910 se
426 1872 498 1920 judice
505 1875 579 1911 certet.

38 1923 70 1969 Ut,
80 1935 124 1973 quo
132 1924 222 1972 quisque
230 1921 293 1968 valet,
303 1926 410 1971 suspectos
418 1926 502 1967 terreat,
511 1926 579 1971 utque
609 1923 635 1962 tt

39 1974 131 2024 Imperet
138 1973 178 2013 hoc
189 1973 270 2012 Netura
278 1977 358 2021 potens,
368 1972 398 2011 sic
406 1972 481 2020 collige
489 1983 586 2012 mecum:

39 2024 106 2064 Dente
115 2024 184 2072 lupus,
195 2034 260 2063 cornu
268 2029 341 2062 taurus
349 2023 414 2072 petit:
428 2024 492 2068 unde,
502 2023 543 2061 nisi
551 2023 609 2062 intus

40 2075 192 2115 Monstrammt
221 2075 298 2112 Scaevae
306 2074 400 2112 vivacem
409 2074 471 2112 crede
480 2074 552 2122 nepoti

38 2126 139 2171 Matremt
154 2125 185 2163 nil
193 2125 256 2163 faciet
263 2123 347 2164 sceleris
354 2124 390 2174 pie
398 2124 492 2170 dextera,
501 2124 600 2172 (mirumt

39 2175 66 2215 Ut
74 2187 147 2274 ηξὲὲιε)
152 2175 210 2215 calce
218 2175 281 2224 lupus
289 2186 418 2225 quenquam,
427 2186 496 2225 neque
509 2176 572 2215 dente
582 2177 635 2226 petit
