1562 2568
138 174 174 210 1⁸8
299 172 324 212 Q.
340 169 463 209 HORATII
477 169 578 208 mucel

138 288 173 326 Me
182 288 282 336 pinguem
291 290 313 324 et
320 286 410 325 nitidum
418 285 473 323 bene
481 288 556 323 curete
563 288 614 323 cute
622 284 684 330 vises,

46 354 52 367 1
90 346 121 409 *ss
137 339 208 384 Quum
217 339 285 376 ridere
294 336 358 382 voles,
369 335 455 386 Epicuri
462 336 488 374 de
496 345 558 384 grege
566 346 665 384 porcum.

44 415 47 425 ¹
107 418 111 435 l

350 511 486 550 EPISTOLA
500 510 525 549 V.

51 571 99 627 s'
122 580 151 617 ³⁴
333 614 368 652 An
383 613 538 654 Torculruu.

137 691 162 729 81
171 695 231 739 potes
241 688 349 728 Archiacis
357 689 445 727 convive
452 688 577 727 recumbere
584 687 654 733 lectis,

138 741 182 779 Nec
190 740 274 778 modice
280 750 364 779 coenure
372 740 436 777 times
446 738 494 778 olus
502 750 565 776 omne
573 740 654 787 petella
661 752 666 784 ;

137 791 239 840 Supremo
248 796 269 828 te
278 790 321 830 sole
328 790 392 834 domi,
402 790 514 837 Torquate,
523 791 623 827 manebo.

137 841 192 895 Vini
200 842 260 883 bibes
268 842 346 880 iterum
354 841 425 878 Tauro
433 840 511 878 diffuse
519 839 626 889 palustres

138 890 325 933 Interummmas
334 892 529 938 Sinuessanumque
539 890 657 929 Petrinum.

138 943 175 981 Sin
184 943 260 982 melius
269 942 320 991 quid
328 941 400 985 hebes,
410 951 499 987 arcesse,
508 940 542 979 vel
550 941 666 989 imperium
674 941 711 979 ier.

137 993 268 1033 Jamdudum
276 993 374 1041 splendet
381 991 447 1036 iocus,
457 995 479 1029 et
486 992 526 1029 tibi
533 991 616 1030 munda
624 992 726 1041 supellex.
768 1022 769 1027 ,

138 1044 201 1083 Mitte
210 1044 266 1084 leves
273 1055 326 1092 spes,
336 1047 358 1081 et
366 1042 482 1080 certamina
491 1041 621 1087 divitiorum,

138 1095 166 1133 Et
174 1095 257 1134 Moschi
265 1104 363 1133 causum:
379 1103 425 1130 erus
431 1097 483 1130 nato
491 1091 574 1130 Caesere
582 1091 650 1131 festus

138 1145 181 1183 Det
189 1147 273 1184 veniam
281 1153 421 1191 somnumque
430 1142 487 1187 dies;
501 1143 589 1192 impune
598 1142 674 1182 licebit
713 1143 735 1180 1⁰

138 1195 241 1239 AEstivam
248 1206 344 1234 sermone
353 1193 443 1240 benigno
452 1193 539 1230 tendere
546 1197 640 1232 noctem.

138 1246 186 1292 Quo
194 1246 255 1289 mihi,
264 1245 350 1283 fortuna
358 1245 376 1281 si
385 1254 428 1281 non
437 1244 560 1282 conceditur
568 1243 615 1281 utii

138 1297 216 1335 Parcus
224 1297 251 1335 ob
260 1296 350 1334 heeredis
358 1304 431 1332 curum
440 1294 572 1341 nimiumque
581 1305 667 1332 severus

139 1346 312 1386 Assidetinsuno.
340 1345 413 1383 Petere
422 1348 444 1381 et
451 1355 548 1392 spargere
555 1344 618 1382 flores

138 1397 249 1445 incipiam,
256 1397 367 1445 patiorque
375 1394 409 1433 vel
417 1393 549 1433 inconsultus
556 1394 638 1435 heberi.

138 1448 195 1492 Quid
203 1458 245 1485 non
254 1447 344 1485 ebrietes
353 1445 460 1493 designati
473 1448 546 1493 operte
553 1445 655 1491 recludit;

138 1498 189 1546 Spes
195 1499 257 1546 jubet
265 1509 310 1536 esse
316 1501 382 1541 retem
396 1497 419 1534 in
427 1495 502 1544 proelie
510 1495 577 1533 trudit
584 1497 675 1535 inertem
682 1508 687 1541 ;

138 1547 236 1586 Sollicitis
244 1549 321 1586 animis
329 1558 382 1585 onus
390 1547 475 1590 extunc
489 1546 579 1584 Mdocet
587 1551 654 1585 artes:

138 1598 389 1645 Fecundicnlieesquem
398 1597 517 1635 nonfecere
525 1596 642 1636 cinerum?
768 1638 769 1641 Ἴ

138 1649 250 1688 contracta
257 1660 321 1698 quem
330 1659 373 1686 non
380 1648 403 1686 in
411 1650 536 1695 paupertate
544 1646 653 1686 solutumi
712 1646 735 1684 20

137 1699 191 1738 Heec
199 1711 238 1748 ego
246 1710 357 1748 procurare
365 1702 388 1736 et
395 1697 485 1736 idoneus
491 1697 589 1745 imperor,
599 1701 622 1735 et
629 1708 673 1737 non

138 1751 230 1790 Invitus:
244 1761 271 1788 ne
280 1755 340 1797 turpe
348 1748 410 1793 torel,
418 1759 445 1786 ne
453 1748 539 1786 sordide
547 1758 627 1797 mappa

125 1834 126 1837 ,
139 1801 239 1850 corruget
246 1811 319 1844 nares,
334 1810 360 1838 ne
370 1810 413 1836 uon
421 1803 444 1837 ct
451 1797 566 1836 cantharus
574 1803 597 1836 et
604 1798 656 1837 lunx

138 1851 241 1890 Ostendet
250 1851 288 1889 tibi
296 1855 317 1888 te
322 1860 327 1894 3
340 1861 368 1888 ne
376 1849 428 1888 fidos
436 1849 492 1886 inter
500 1849 580 1887 amieos

138 1901 176 1947 Sit,
186 1902 223 1950 qui
232 1902 288 1939 dicta
295 1901 352 1939 toras
359 1899 466 1943 eliminet;
481 1904 506 1937 ut
513 1904 574 1938 coeat
582 1910 621 1948 par

138 1951 285 1999 iungaturque
293 1951 346 1999 puri.
373 1949 461 1988 Butram
470 1950 516 1995 tibi,
527 1949 692 1998 Septiciumque,

139 2001 166 2039 Et
173 2002 215 2038 nisi
223 2012 284 2039 coena
292 2000 349 2048 prior
356 2001 465 2048 potiorque
473 1998 547 2048 puelle
556 2001 660 2038 Sabinum

138 2049 230 2095 Detinet,
240 2061 357 2089 assumam:
371 2049 430 2088 locus
439 2053 471 2087 est
478 2054 501 2088 et
507 2050 605 2099 pluribus
613 2049 705 2095 umbris;
765 2040 769 2079 i

138 2098 179 2136 Sed
187 2100 251 2139 nimis
259 2105 317 2138 eruta
325 2104 425 2148 premunt
432 2099 495 2138 olidae
504 2102 602 2139 convivia
609 2109 688 2150 capm-
768 2108 769 2143 ἶ

137 2148 177 2191 Tu,
187 2153 263 2195 quotus
272 2161 317 2189 esse
325 2149 385 2195 velis,
392 2150 493 2193 rescribe;
508 2156 535 2195 et,
545 2151 609 2190 rebus
617 2150 706 2194 omissis,

138 2197 197 2235 Atrio
205 2203 323 2238 servantem
331 2200 411 2248 postico
419 2199 469 2237 felle
478 2200 585 2240 clientem.
712 2199 732 2237 31
768 2200 769 2217 ³
