1562 2568
97 154 135 193 212
262 156 287 201 Q.
302 154 425 194 nonnuli
438 153 537 194 FLAccr

99 267 205 316 AEatimat,
218 275 246 314 et,
260 268 301 309 nini
313 280 362 319 quae
371 269 431 307 terrie
438 274 520 308 aemota
527 269 613 318 tuisque

98 319 237 369 Temporibus
245 320 344 358 defuncta
351 320 414 364 videt,
424 319 505 359 fastidit
513 324 534 358 et
542 321 597 359 odit:

98 370 133 408 Sic
141 370 211 410 fautor
218 375 319 416 veterum,
329 375 353 408 ut
360 369 444 408 tabulas
452 380 539 419 peecare
547 376 650 417 vetantet,

99 421 157 466 Quas
165 421 198 460 bit
206 421 300 470 quinque
308 420 348 459 viri
356 425 480 467 sanxerunt,
489 420 570 460 foedera
577 432 652 470 regum

99 470 138 509 Vel
147 470 220 510 Gabiis
228 470 262 509 vel
269 481 319 510 oum
326 471 398 519 rigidis
405 476 491 519 oequata
500 472 589 517 Sabidio,

99 521 225 561 Pontificum
232 521 303 566 libros,
314 532 394 560 annona
402 521 511 560 volumina
518 526 598 568 vatum,

98 571 187 610 Diotitet
195 571 278 613 Albano
287 572 360 610 Musas
368 572 391 611 in
399 576 472 611 monte
480 572 569 611 locutas.

98 621 127 667 Si,
137 622 188 671 quia
197 622 317 661 Groecorum
328 627 378 662 aunt
386 623 534 671 antiquissima
541 633 633 672 quaeque

97 672 180 721 Scripta
187 672 221 711 val
229 672 315 722 optima,
326 673 418 712 Romani
425 678 542 722 pennantur
548 674 624 713 eadem

97 722 212 772 Scriptores
222 724 307 769 trutina,
317 735 360 763 non
368 728 401 762 est
409 725 466 773 quod
474 724 543 762 multa
549 723 664 772 loquamur
672 736 677 763 :

98 772 134 812 Nil
143 774 199 813 intra
206 779 239 813 eat
246 774 322 819 oleam,
331 775 362 812 nil
371 779 431 813 extra
440 778 472 813 ent
479 774 501 813 in
510 785 565 813 nuoe
573 774 628 814 duri.
672 776 698 816 31

98 822 202 863 Venimus
210 826 238 865 ad
245 836 352 865 summam
360 825 463 869 iortunae3
477 825 590 873 pingimus,
600 829 666 875 atque

98 873 219 922 Paallimue,
228 880 251 914 et
258 876 364 915 luctamur
372 875 458 914 Achivis
470 876 551 914 doctius
560 876 636 915 unotia.

98 924 120 963 Si
128 926 217 965 meliora
225 927 276 972 dien,
286 927 374 972 utrina,
388 930 486 976 poemata
493 926 569 971 reddit,

97 975 155 1015 Scire
163 977 234 1022 velim,
243 978 334 1026 pretium
341 977 420 1016 chartis
427 981 504 1026 quotus
512 980 594 1024 arroget
602 987 682 1016 annua:

29 1066 33 1073 ,
98 1026 143 1065 Scri
158 1031 191 1066 tor
199 1027 277 1066 abhinc
285 1039 352 1066 annos
360 1031 446 1066 centum
454 1027 491 1075 qui
500 1027 586 1072 decidit,
594 1027 652 1066 inter

23 1082 28 1091 ’
99 1038 205 1117 Perssctm
214 1083 337 1127 veteresque
350 1078 422 1117 referri
431 1077 506 1115 debett
521 1088 549 1115 an
557 1078 613 1116 inter

15 1132 31 1167 ⁶
41 1110 85 1187 >4
98 1125 603 1228 titanus}nodutumizin
610 1188 686 1218 m..

99 1228 156 1273 Quid
165 1230 172 1267 i
185 1230 222 1278 qui
230 1230 320 1318 d⁰f⁰ffit
327 1206 396 1268 minor
404 1241 447 1268 uno
455 1238 527 1267 menae
535 1228 569 1267 vel
578 1239 641 1275 auno,
670 1231 698 1270 to

100 1278 160 1316 luter
168 1291 221 1328 quoa
229 1292 251 1318 re
262 1281 352 1319 erendua
360 1281 414 1319 eriti
426 1284 535 1318 veteresne
543 1280 629 1328 poetaat

99 1331 135 1367 An
143 1341 196 1377 quos
204 1334 226 1368 et
234 1341 327 1379 praeoena
334 1336 357 1369 et
364 1335 447 1379 postera
455 1333 541 1378 respuat
549 1330 615 1368 aust

100 1378 143 1418 isto
152 1381 238 1428 quidem
246 1386 326 1419 veteres
334 1382 390 1420 inter
397 1384 488 1429 ponetur
495 1379 590 1426 honeste,

100 1431 142 1475 Qui
150 1429 184 1468 vel
194 1441 267 1470 menae
275 1432 332 1470 brevi
340 1431 374 1470 vel
382 1436 426 1470 toto
434 1430 544 1479 eatjunior
551 1441 616 1469 anno.

100 1479 154 1519 Utor
161 1482 269 1530 permitto.
279 1482 395 1531 caudaeque
403 1481 457 1531 pilos
465 1485 490 1519 ut
496 1482 587 1529 equina,

101 1530 207 1570 Paulatim
215 1532 276 1577 vello¹
286 1536 308 1571 et
314 1532 376 1571 demo
384 1543 459 1576 uuum,
468 1532 531 1569 demo
538 1532 604 1571 etiam
612 1542 688 1580 unum,

101 1581 158 1621 Dum
167 1584 230 1622 eadat
237 1583 308 1622 elutus
316 1583 397 1622 ratione
405 1582 486 1621 ruentia
494 1582 570 1627 acervi,

100 1631 142 1678 Qui
149 1634 205 1673 redit
212 1634 240 1672 ad
248 1634 318 1679 tantos,
328 1637 350 1672 et
357 1634 456 1672 virtutem
465 1633 557 1672 aestimat
564 1632 633 1678 annia.

100 1682 233 1732 Miraturque
241 1684 295 1723 nihil
303 1685 344 1723 nisi
352 1685 409 1732 quod
418 1683 510 1722 Libitina
517 1683 616 1722 aaeravit.

101 1732 189 1779 Ennius,
199 1740 220 1773 et
228 1736 311 1784 sapiens
320 1740 342 1774 et
349 1734 414 1779 sortis,
421 1739 443 1773 et
451 1733 505 1772 alter
515 1733 627 1780 nomena,
672 1735 697 1772 5⁰

101 1781 130 1821 Ut
137 1785 205 1823 oritiei
213 1786 293 1830 dieunt,
305 1784 379 1823 leviter
387 1795 460 1823 curare
468 1784 558 1829 videtur,

100 1834 148 1879 Quo
156 1837 258 1883 promissa
266 1836 344 1873 cadant
352 1839 373 1873 et
381 1835 464 1873 somnia
475 1834 613 1882 Pythagorea.

99 1883 187 1923 Naevius
195 1885 217 1923 in
228 1886 327 1937 mpnibua
336 1896 379 1923 non
387 1890 424 1930 eut,
434 1889 457 1923 et
464 1885 572 1923 mentibus
579 1883 649 1923 haret
695 1902 700 1907 ·

98 1933 163 1973 Poeue
171 1947 250 1981 recena.
260 1937 313 1974 adeo
326 1939 423 1974 tanetum
432 1939 465 1973 eat
472 1938 533 1973 vetuo
541 1944 605 1974 omne
615 1945 698 1984 poem.

98 1984 219 2034 Ambigitur
227 1986 309 2034 quoties
317 1989 364 2024 uter
372 1989 419 2024 utro
427 1985 455 2024 ait
462 1986 531 2034 pri0r;
548 1982 619 2025 aufert

98 2034 202 2075 Pacuvius
210 2038 267 2075 docti
275 2036 354 2089 igmaro
361 2036 425 2082 nenia,
436 2035 512 2075 Accius
520 2035 571 2075 alti:

30 2075 60 2135 q(
97 2083 181 2124 Dicitur
190 2087 265 2125 Afrani
274 2091 322 2135 τρια
328 2088 449 2126 convenisse
459 2087 590 2131 Menandrot

97 2135 186 2175 Plautus
194 2137 221 2175 ad
229 2136 339 2185 exemplar
347 2137 413 2176 Siculi
420 2149 532 2186 properare
541 2137 677 2186 tpicimir

98 2184 188 2224 Vincere
197 2186 293 2226 caeciliua
299 2188 408 2235 gravitate,
418 2178 530 2229 Terentius
538 2192 590 2228 arta.
