1504 2564
193 188 353 231 CARMINUM
366 190 420 230 LIB.
435 192 476 231 lli.

86 305 150 353 Nam,
160 317 210 357 quae
218 306 283 346 nivali
290 308 383 357 pascitur
392 307 468 356 Algido

85 357 169 397 Devota
178 365 268 407 quercus
276 358 331 396 inter
339 362 361 397 et
369 358 433 405 ilices,

111 409 156 447 Aut
164 409 240 447 crescit
247 408 335 448 Albanis
343 409 366 447 in
374 409 452 455 herbis,

136 456 236 504 Victima,
244 459 367 507 pontificum
375 471 458 499 secures

83 509 169 549 cervice
177 510 266 557 tinguet.
292 510 322 548 Te
330 510 384 548 nihil
394 512 470 551 attinet

83 560 176 599 Tentare
184 559 252 598 multa
260 561 318 599 caede
326 560 445 600 bidentium

109 610 188 650 Parvos
196 615 330 649 coronantem
337 613 419 650 marino

134 661 191 700 Rore
201 661 249 699 deos
257 661 369 710 fragilique
377 666 452 710 myrto.

82 712 189 750 Immunis
199 722 257 750 aram
269 712 287 750 si
295 711 365 760 tetigit
371 723 453 759 manus,

81 763 131 801 Non
141 766 250 801 sumtuosa
257 761 355 800 blandior
362 762 432 801 hostia

107 812 201 852 Mollivit
208 823 291 851 aversos
301 813 389 851 Penates

133 863 196 902 Ferre
204 863 240 912 pio
248 867 269 902 et
277 863 366 902 saliente
374 863 436 901 mles.

253 1130 311 1169 ODE
324 1130 405 1170 XXIV.

77 1259 193 1298 lsrscrrs
202 1256 322 1306 opulentior

104 1308 218 1347 Thesauris
227 1309 322 1346 Arabum
330 1312 352 1346 et
360 1309 430 1349 divitis
439 1309 514 1357 lndiae,

77 1359 192 1398 Caementis
201 1358 252 1397 licet
259 1369 348 1408 occupes

103 1409 237 1458 Tyrrhenum
245 1420 308 1447 omne
317 1409 359 1448 tuis
367 1417 389 1448 et
396 1421 455 1450 mare
463 1411 585 1461 Apulicum‚

77 1459 101 1499 Si
108 1460 154 1508 figit
162 1460 311 1497 adamantinos

103 1510 195 1548 Summis
204 1510 320 1547 verticibus
328 1510 374 1548 dira
381 1511 500 1552 Necessitas

76 1559 158 1607 clavos,
168 1571 212 1599 non
220 1560 316 1599 animum
325 1565 384 1599 metu

103 1611 151 1650 Nou
160 1610 236 1649 Mortis
244 1610 326 1659 laqueis
337 1612 437 1660 expedies
446 1618 516 1662 caput

75 1661 209 1710 Campestres
217 1661 294 1699 melius
303 1662 393 1710 Scythae,

102 1713 197 1758 Quorum
205 1711 299 1760 plaustra
307 1723 370 1760 vagas
378 1713 418 1751 rite
427 1713 515 1752 trahunt
523 1715 602 1763 domos,

75 1761 162 1809 Vivunt,
173 1766 195 1800 et
202 1763 265 1810 rigidi
276 1763 348 1801 Getae:

101 1813 215 1851 lmmetata
223 1813 300 1860 quibus
305 1814 381 1862 Jugera
389 1812 466 1852 liberas

75 1862 153 1913 Fruges
161 1867 184 1902 et
192 1863 288 1902 Cererem
296 1863 373 1908 ferunt,

101 1914 145 1954 Nec
154 1913 239 1952 cultura
245 1914 316 1962 placet
321 1913 402 1961 longior
409 1923 493 1959 annua3

75 1964 248 2013 Defunctumque
257 1964 364 2003 laboribus

99 2015 186 2064 AEquali
194 2020 275 2054 recreet
283 2018 338 2053 sorte
347 2013 445 2052 vicarius.

73 2064 121 2106 lllic
129 2071 198 2105 matre
206 2066 327 2105 carentibus

98 2117 201 2166 Privignis
210 2115 288 2155 mulier
295 2117 399 2163 temperat
406 2113 517 2155 innocens:

73 2167 117 2206 Nec
125 2168 199 2207 dotata
206 2167 260 2215 regit
265 2167 333 2204 virum

96 2219 185 2267 Conjux,
195 2228 235 2257 nec
241 2217 309 2255 nitido
317 2215 363 2254 fidit
371 2215 478 2255 adultero:
