1520 2572
108 183 132 222 82
270 181 296 223 Q·
310 180 434 220 nomn
447 180 552 221 susccu

160 297 202 336 Seu
210 296 273 342 Deos,
281 307 366 346 regesve
374 296 438 344 cauit,
448 295 542 335 Deorum

158 349 294 398 sauguinem,
303 358 341 397 per
349 358 402 395 quos
410 348 504 387 cecidere
510 348 569 395 justo

159 400 228 438 Morte
236 398 342 444 cenum,
351 398 428 437 cecidit
433 398 549 437 tremende

332 448 429 487 Flamma
436 448 558 488 chimoeraez

157 501 212 546 Sive,
221 510 274 549 quos
283 498 336 537 Elea
344 500 431 538 domum
439 499 522 538 reducit

156 550 231 590 Polme
237 549 340 596 ooelestes,
348 549 467 599 pugilemve
475 560 581 598 equumve

157 601 220 648 Dicit,
230 606 252 640 et
259 604 345 639 centum
352 600 433 649 potiore
441 600 507 648 signis

332 651 421 689 Munere
429 651 507 689 donst:

155 701 232 741 Flebili
240 711 322 751 sponsae
328 701 456 749 iuvenemve
463 705 547 750 ruptum

156 752 234 799 Plorat,
243 756 265 791 et
271 751 326 791 vires
334 752 472 800 unimumque
479 763 591 801 moresque

156 804 237 842 Aureus
245 802 316 842 educit
325 804 348 841 in
356 806 419 848 asos,
429 804 530 852 nigroque

330 853 416 892 Invidet
425 853 485 892 Orco.

156 904 226 944 Mults
234 904 341 943 Dircoeum
348 903 406 942 levat
413 913 467 942 euru
475 914 572 952 cycnum,

154 955 238 1002 Tendit,
248 954 334 999 Antoni,
344 954 427 1003 quoties
436 954 459 992 in
467 953 521 993 sltos

155 1006 251 1045 Nubium
258 1008 337 1044 mucuns
345 1017 350 1042 :
368 1015 414 1053 ego,
422 1004 469 1053 epis
478 1005 566 1044 Mttinae

329 1055 390 1094 More
397 1055 448 1093 mod
474 1066 509 1102 ue,

155 1108 220 1146 Grato
228 1105 333 1155 carpentis
341 1104 415 1154 thyma
422 1116 460 1155 per
489 1106 562 1145 berem

154 1157 280 1202 Plun'mum,
289 1157 346 1195 circe
353 1166 430 1195 nemus
438 1156 538 1206 uvidique

154 1208 238 1248 Tiburis
246 1208 302 1257 ripae
313 1217 400 1256 operose
407 1217 485 1255 pervus

330 1257 429 1296 cumina
435 1257 499 1306 fingo.

155 1309 257 1348 Conclnes
266 1308 345 1357 melote
353 1311 416 1357 poeta
424 1307 504 1357 plectro

154 1360 265 1405 cesarem,
275 1359 402 1407 quandoque
411 1357 481 1397 trehet
488 1358 569 1397 feroces

155 1409 195 1448 Per
203 1419 287 1448 suorum
294 1409 380 1455 clivum,
389 1410 465 1447 merita
473 1409 560 1447 decorus

329 1459 418 1505 Fronde,
428 1459 565 1508 Sygambros:

154 1510 202 1556 Quo
210 1509 264 1548 nihil
272 1510 340 1558 majus
349 1509 452 1548 meliusve
460 1510 521 1548 terris

155 1560 208 1599 Petu
215 1561 326 1606 donevene,
335 1560 428 1609 bonique
437 1560 493 1605 Divi,

154 1612 199 1651 Nec
207 1611 295 1658 dabunt,
304 1611 401 1660 quumvis
408 1611 497 1649 redeunt
504 1610 526 1648 in
535 1619 611 1648 surum

329 1661 433 1712 Tempore
440 1661 540 1710 priscum.

154 1713 256 1752 concines
263 1712 366 1760 letusque
374 1712 426 1757 dies,
435 1716 458 1750 et
466 1711 529 1750 Urbis

154 1763 266 1802 Publicum
273 1763 355 1809 ludum,
365 1773 429 1811 super
436 1763 549 1811 impetrato

154 1813 222 1853 Fortis
230 1813 320 1862 Augusti
328 1812 411 1902 fidis&
416 1813 528 1902 lofflue

419 1875 443 1902 or
497 1891 502 1900 .

153 1913 209 1953 Tum
216 1925 270 1952 mete
279 1914 307 1955 (si
315 1914 367 1961 quid
374 1912 450 1962 loquor
457 1912 598 1960 audiendum)

153 1963 216 2002 Vocis
224 1965 310 2003 accedet
317 1964 373 2002 bona
380 1975 429 2013 pars
437 1976 442 2002 ι
456 1968 484 2009 et,
494 1965 513 2002 0
520 1963 553 2002 sol

154 2013 251 2059 Pulcher,
260 2025 273 2052 ο
281 2013 394 2061 laudande,
404 2024 487 2061 cenom,
497 2018 581 2063 recepto

328 2064 410 2103 Caesare
417 2064 477 2103 felix.

154 2113 228 2161 Tuque
236 2114 288 2152 dum
295 2115 397 2163 procedis,
407 2115 431 2154 lo
439 2115 553 2164 triumphe,

155 2163 203 2202 Non
211 2163 277 2202 semel
285 2164 386 2210 dicemus,
398 2165 421 2203 lo
428 2166 542 2215 triumphe,

154 2213 232 2251 civitas
240 2215 315 2260 omnis,
324 2215 465 2264 dabimusque
474 2216 534 2255 Divis

329 2265 384 2303 iura
393 2265 496 2312 benignis.
