1520 2572
128 181 164 218 132
277 180 303 222 Q.
317 179 442 218 nonam
455 179 554 218 anccr

127 294 238 340 litmaro,
248 294 338 336 imitare.
365 294 444 334 Βειιιιι
453 293 556 338 Fannius.
563 294 622 335 ultro

127 345 209 385 Delatir
217 347 285 395 capeio
293 350 316 385 et
323 346 428 394 imagine3
443 356 508 393 quum
517 356 567 384 mea
574 357 640 385 nemo

129 397 210 446 scripta
217 395 281 444 legat,
290 396 354 445 vulgo
362 397 450 435 recitare
458 396 553 434 timentis
561 397 590 434 ob
599 397 658 438 hanc
667 409 720 443 rem.

127 447 260 534 Quodleunt,
272 458 325 497 quoe
339 457 406 496 genua
419 446 460 486 hoo
471 447 560 485 minime
570 447 640 495 Juvat,
656 453 729 498 utpote

176 508 191 546 p
199 509 248 537 ores

127 547 213 596 culpari
221 549 302 596 dignor.
328 548 429 594 Quemvis
436 546 508 585 media
515 546 570 595 elige
578 549 645 588 turba
650 561 655 594 ς

127 600 171 637 Aut
179 598 206 637 ab
215 599 303 637 avaritia
311 603 349 637 aut
356 598 434 636 mirera
442 598 558 635 ambitione
567 598 659 638 laborat.

126 648 168 687 Hic
176 653 291 698 nuptarum
299 649 379 687 inranir
387 648 500 694 amoribue,
510 647 545 686 hic
553 659 670 696 puerorum
678 662 683 695 ;

126 699 190 738 Hunc
198 700 256 748 cepit
264 699 345 749 argenti
353 698 461 749 splend013
476 702 547 746 stupet
555 698 633 738 albior
641 711 697 746 aere;

126 749 168 789 Hic
176 755 246 788 mutat
253 761 333 789 meroes
341 754 440 798 surgente
448 759 462 787 a
469 749 513 787 soie
522 749 550 787 ad
558 760 616 796 eum,
627 762 670 798 quo

127 800 252 850 Vespertina
261 805 281 839 te
309 801 394 849 tregi0;
409 800 461 849 quin
469 810 506 848 per
514 797 572 837 male
581 810 678 850 praeoepe
704 802 730 840 ³⁰

127 851 208 896 Fertur.
217 852 250 890 uti
258 862 287 900 pu
296 852 328 889 vie
336 851 438 889 collector
446 850 537 895 turbine,
547 861 574 888 ne
583 852 638 898 quid

127 902 214 941 Summa
223 902 330 953 deperdat,
339 905 443 946 metuens,
453 903 491 939 aut
498 899 587 948 ampliet
595 905 621 939 ut
628 912 681 940 rem.

127 953 206 991 Omnes
213 952 237 990 hi
245 956 345 991 metuunt
352 962 431 995 versus,
440 951 503 990 odere
511 954 593 999 poetae.

127 1003 217 1042 Foenum
237 1003 302 1043 habet
319 1002 341 1040 io
358 1013 430 1048 cornu,
448 1002 510 1049 longe
526 1001 588 1050 niger
612 1003 728 1042 dnmmodo

176 1064 243 1092 rreum

128 1103 229 1143 Excutiat
237 1104 284 1149 sibi,
294 1115 336 1141 non
344 1102 380 1142 hio
390 1102 489 1151 cuiquam
498 1105 571 1151 parcet
579 1103 656 1147 amico.

128 1154 155 1193 Et
163 1156 303 1202 quodcunque
312 1154 377 1192 semel
385 1153 464 1192 chartis
471 1152 568 1197 illeverit,
577 1164 653 1193 omnes

129 1204 210 1243 Geetiet
218 1216 231 1242 n
239 1205 301 1243 tirrno
310 1205 423 1243 redeuntes
432 1204 485 1242 scire
493 1203 592 1250 lacuque,

79 1256 108 1287 κ’
129 1255 157 1294 Et
165 1266 241 1304 pueros
250 1259 271 1293 et
279 1266 339 1294 anun.
366 1255 470 1302 Agedum,
480 1264 548 1303 panca
560 1253 634 1302 accipe
643 1257 727 1293 contra:

129 1305 225 1344 Primum
229 1316 268 1353 ego
273 1317 307 1343 me
314 1305 407 1351 illorum,
415 1305 509 1343 dederim
515 1304 592 1352 quibus
600 1315 647 1343 eece
654 1304 729 1354 poetia.

130 1356 248 1405 Excerpam
256 1367 356 1394 numero:
371 1366 440 1403 neque
446 1355 502 1393 enirn
508 1353 637 1393 concludere
645 1365 729 1393 versum
756 1398 757 1409 γ

130 1406 214 1445 Dixeris
223 1417 268 1445 erre
276 1407 339 1451 ratim
350 1417 426 1454 neque,
435 1406 453 1443 ei
461 1406 508 1453 quir
517 1405 601 1450 scribat,
611 1405 645 1444 uti
651 1417 694 1452 noe,
704 1406 726 1443 41

130 1457 226 1495 Sermoni
234 1457 338 1505 propiore,
349 1461 410 1506 putee
418 1456 476 1494 hunc
483 1466 528 1494 ease
538 1459 633 1503 poetam.

130 1507 243 1555 Ingenium
252 1508 287 1546 cui
295 1507 329 1553 sit,
338 1508 372 1546 cui
381 1517 442 1545 mens
450 1506 546 1550 divinior,
556 1509 623 1554 utque
631 1517 656 1544 on

130 1557 209 1606 Magna
218 1561 348 1603 conaturum,
358 1558 395 1596 dee
404 1557 496 1596 neminie
503 1556 568 1604 hujus
577 1554 689 1595 honorem.

128 1608 209 1647 Idcirco
218 1608 311 1657 quidam,
321 1608 432 1652 comoedia.
442 1617 516 1652 necne,
525 1617 603 1655 poema

129 1658 196 1705 Esset,
206 1659 332 1707 queunte:
347 1660 404 1707 quod
413 1669 460 1697 acer
468 1657 554 1707 spiritur
563 1666 588 1694 ao
595 1656 629 1695 vis

129 1708 174 1747 Nec
182 1710 259 1754 verbis,
268 1720 308 1747 uec
317 1710 379 1748 rebus
387 1710 454 1753 inem
468 1708 510 1746 niei
518 1707 575 1755 quod
586 1708 642 1755 peda
651 1711 708 1747 certo

129 1759 205 1799 Differt
213 1761 311 1806 sermoni,
321 1770 390 1799 aermo
399 1770 476 1798 merua.
503 1760 532 1796 At
539 1761 601 1806 pater
609 1759 689 1797 ardens

91 1853 96 1864 ,
128 1809 199 1857 Saevit,
209 1810 267 1859 quod
275 1812 385 1849 meretrice
393 1820 458 1859 nepoe
467 1809 554 1847 insanus
564 1808 636 1848 amica

128 1859 194 1899 Filius
202 1871 291 1900 uxorem
299 1861 374 1909 grandi
383 1872 431 1899 oum
440 1860 587 1902 doterecuset,
705 1860 728 1896 60

128 1910 204 1950 Ebrius
214 1916 235 1950 et
243 1915 354 1959 (magnum
364 1912 421 1960 quod
429 1910 531 1955 dedecus)
539 1908 641 1948 ambulet
647 1914 698 1949 ante

127 1961 217 2000 Noctem
225 1972 273 2000 cum
282 1962 371 2001 facibus.
399 1961 509 2009 Numquid
519 1960 652 2008 Pomponius
659 1960 705 2000 ntir

127 2011 217 2050 Audiret
224 2012 309 2056 leviore,
319 2017 379 2060 pater
388 2012 407 2049 ri
415 2012 510 2049 viveret?
539 2011 593 2058 Ergo

127 2060 175 2098 Non
184 2062 235 2098 eatis
243 2066 281 2107 eet,
290 2062 349 2109 puris
357 2072 441 2099 versum
449 2061 579 2109 perscribere
587 2061 660 2100 vernn
669 2073 675 2106 ;

126 2109 195 2154 Quem
204 2111 222 2147 ui
231 2111 338 2156 dissolvar,
348 2112 416 2159 quivis
427 2110 573 2161 etornechetur
580 2111 666 2159 eodem,

126 2157 173 2203 Quo
181 2167 304 2206 personatus
312 2165 374 2209 pacto
382 2165 449 2209 pater.
476 2161 523 2206 Hie,
534 2172 572 2208 ego
582 2169 633 2210 quae
642 2172 706 2207 nuno,
751 2154 752 2173 ¹

127 2206 183 2246 oiim
192 2219 240 2255 quoe
249 2211 334 2258 eeripait
342 2209 442 2256 Luciliua,
453 2211 531 2259 eripias
540 2213 558 2250 si
