1520 2572
123 166 160 205 1³0
290 164 316 210 Q.
330 162 452 203 florarii
466 163 566 203 FLACCI

124 279 168 320 Ant
176 280 268 329 positum
276 284 326 317 ante
334 289 383 318 mea
390 279 441 327 quia
448 278 532 327 pullum
541 280 563 318 in
573 284 636 329 parte
645 280 709 320 catini

124 331 214 370 Sustulit
221 329 322 375 esuriens.
331 330 401 368 minus
409 329 449 368 hoc
454 330 562 377 jucundus
570 331 656 370 amicus

124 382 156 420 Sit
163 381 230 419 mihil
246 381 298 429 quid
306 380 389 423 taciem.
398 380 417 419 si
424 380 505 419 iirrtum
512 380 594 426 feeerit,
604 387 644 420 aut
651 383 670 422 si

125 431 242 470 Pmdiderit
250 433 361 470 commissa
369 431 417 476 ilde,
429 441 557 479 sponsumve
565 434 665 480 negarier

123 482 177 529 Quis
185 483 245 530 paria
252 493 298 521 esse
305 482 349 520 fere
357 481 438 530 placuit
445 485 538 531 peccata,
548 480 656 528 laborant,

124 533 195 578 Quum
212 537 299 571 ventum
315 533 342 570 ad
357 542 431 572 verum
447 536 491 570 est:
517 543 593 572 sensus
609 544 721 583 moresque

114 622 117 627 ⁴
173 594 195 621 re
211 587 298 631 ngnant,

124 594 249 682 Atquelpsa
256 632 344 678 utilitas,
350 631 403 681 justi
411 643 475 681 prope
483 636 552 670 mater
559 636 582 671 et
589 634 656 682 requi.

124 684 195 729 Quum
203 687 351 733 prorepserunt
358 683 431 732 primis
439 682 541 721 animalia
550 685 618 729 terris,

123 735 209 773 Mutum
229 738 251 772 et
271 738 331 782 turpe
352 744 423 783 pecus,
438 733 538 781 glandem
559 738 624 783 atque
641 735 723 774 cubilia

187 796 210 823 ro
225 788 257 823 ter
685 788 722 825 100

123 796 235 885 UngrrIlibrIls
243 839 264 873 et
272 835 355 883 pugnis,
364 833 413 872 dein
421 834 521 880 fustibus,
531 838 597 883 atque
605 836 636 874 ita
644 847 706 885 porro

124 885 250 934 Pugnabant
257 885 328 929 armis.
338 895 386 933 quae
394 889 441 933 post
449 884 590 923 fabricaverat
597 897 657 932 usus,

124 936 196 975 Donec
203 937 273 981 verba,
282 936 359 983 quibus
368 946 429 974 voees
437 946 553 984 sensusque
562 940 668 983 notarent,

124 987 257 1035 Nominaque
264 987 374 1029 invenem
389 985 466 1024 dehinc
474 987 575 1024 absistere
583 987 649 1034 bello,

123 1038 206 1086 Oppida
214 1040 323 1085 eoeperunt
330 1037 420 1089 muira,
429 1040 451 1074 et
459 1047 537 1085 ponere
546 1035 611 1084 leges,

124 1087 156 1126 Ne
164 1089 212 1137 quis
220 1088 254 1126 fur
262 1093 323 1132 esset,
334 1098 377 1125 neu
385 1086 446 1132 latro,
456 1097 498 1124 neu
507 1087 554 1134 quis
561 1087 654 1127 adulter.

123 1138 179 1176 Nam
189 1138 286 1177 mirante
295 1137 400 1175 Helenam
408 1148 491 1187 ponnus
500 1138 610 1176 teterrima
617 1139 668 1177 belli

123 1189 197 1233 eausa,
207 1189 244 1228 sed
252 1188 328 1237 ignotis
336 1189 445 1236 perierunt
452 1188 556 1225 mortibus
566 1187 607 1234 illi,

123 1239 180 1284 Quos
188 1239 290 1279 Venerem
301 1238 403 1277 incertam
411 1238 516 1286 rapientes
525 1238 583 1277 more
591 1239 686 1279 ferarum

122 1290 208 1328 Viribus
216 1290 291 1330 editior
297 1289 399 1334 caedebat,
406 1293 431 1327 ut
438 1289 460 1327 in
468 1299 530 1337 grege
536 1293 619 1328 taurus.
685 1292 719 1329 110

123 1340 136 1378 J
138 1351 176 1379 ura
183 1341 270 1380 inventa
277 1344 336 1378 metu
344 1340 417 1389 iniusti
425 1339 504 1378 fateare
513 1349 599 1379 neeesse
608 1345 648 1387 est,

123 1390 227 1439 Tempora
235 1391 253 1429 si
260 1391 367 1438 fastosque
375 1389 428 1429 velis
436 1388 531 1427 evolvere
538 1390 623 1429 mundi.

124 1440 168 1479 Nec
176 1445 253 1479 natura
260 1445 329 1489 potest
332 1441 390 1488 justo
396 1451 503 1480 secernere
511 1440 617 1488 iniquum,

124 1491 205 1530 Dividit
212 1497 237 1530 ut
244 1491 299 1530 bona
308 1492 401 1537 diversis,
411 1491 512 1539 fugienda
520 1491 631 1540 petendis:

125 1542 170 1581 Nee
177 1542 305 1580 vineetratio
311 1541 358 1587 hoc,
364 1542 605 1590 tantumdemntpeoeet
611 1541 720 1592 idemque,

124 1593 166 1638 Qui
174 1596 257 1631 teneros
265 1591 336 1631 caules
344 1592 409 1630 alieni
416 1591 501 1639 fregerit
508 1591 570 1637 horti,

124 1643 151 1681 Et
162 1643 199 1692 qui
207 1647 322 1682 nocturnus
330 1653 390 1681 sacra
399 1642 476 1681 Divdm
484 1641 569 1690 legerit:
587 1640 646 1680 adsit

95 1704 99 1713 ·
123 1693 212 1742 Regula,
221 1694 312 1742 peccatis
320 1703 367 1741 quae
376 1704 450 1742 poenas
457 1694 534 1740 irroget
541 1702 622 1740 aequas,

86 1762 91 1775 ι
123 1743 256 1832 Νειιεοιιτίοιι
264 1744 351 1792 dignum
359 1742 455 1781 horribili
463 1749 542 1782 sectere
549 1742 643 1790 flagello.

124 1795 157 1832 Na
187 1793 287 1832 utferula
295 1795 364 1833 cadas
372 1793 472 1832 meritum
480 1794 561 1842 mnjora
568 1793 643 1832 subire
684 1794 721 1834 100

123 1844 221 1890 Verbera,
229 1855 272 1882 non
280 1855 359 1891 vereor,
368 1855 435 1893 quum
443 1842 507 1889 dicas,
516 1854 562 1882 esse
569 1854 633 1892 parea
641 1856 677 1884 res

124 1895 188 1934 Furta
196 1895 318 1941 latrociniis,
327 1900 350 1933 et
356 1896 439 1942 magnis
446 1905 511 1944 parva
519 1894 607 1932 mineris

123 1945 186 1984 Falce
194 1945 310 1984 recisurum
318 1945 382 1984 simili
391 1950 419 1992 te,
429 1946 446 1983 si
454 1945 495 1983 tibi
502 1955 591 1993 regnum

122 1995 248 2034 Permittant
255 1995 358 2034 homines.
384 1996 406 2034 Sl
414 1996 479 2040 dives,
489 1996 526 2044 qul
534 1994 620 2044 sapiens
628 2001 670 2041 est,

123 2045 151 2082 Et
159 2049 217 2082 sutor
224 2045 293 2083 bonus
301 2049 323 2082 at
331 2045 389 2084 eolus
397 2045 500 2084 formosus
509 2050 531 2084 et
537 2048 570 2083 est
577 2056 628 2092 rex;

122 2094 164 2131 cur
174 2099 246 2190 ilffi
263 2095 320 2142 quod
334 2094 413 2134 haberi
439 2095 488 2134 Non
504 2096 566 2142 nosti,
582 2095 637 2144 quid
654 2101 723 2147 pater,

245 2169 250 2188 ι

123 2191 250 2241 Chrysippus
259 2193 321 2232 dieat
347 2194 435 2242 Sapiens
442 2196 538 2244 crepidae
546 2195 587 2236 sibi
598 2206 724 2248 nunquam,
