1562 2568
195 193 336 233 EPISTOLA
349 193 390 232 AD
403 193 530 233 Plsotins.
627 196 663 234 235

61 311 129 351 Recte
137 310 238 350 concedi:
252 308 361 348 consultus
367 310 422 357 juris
430 313 452 347 et
459 312 518 347 ector

60 363 181 401 Causarum
189 360 301 399 mediocris
309 361 370 399 abest
379 361 456 399 virtute
465 359 538 398 diserti
626 361 663 399 370

61 412 169 456 Messalas,
179 421 219 450 nee
227 411 267 449 scit
274 415 379 458 quantum
388 409 503 450 Cascellius
512 410 592 456 Aulum

61 464 104 501 Sed
111 467 186 501 tamen
194 462 217 499 in
225 462 293 510 pretio
300 465 345 500 est:
359 461 500 500 mediocribus
508 472 554 500 esse
562 462 630 510 poetis

62 513 111 552 Non
119 513 225 557 homines,
235 523 277 549 non
286 510 321 555 Di,
330 522 374 550 non
381 523 503 551 concessere
511 511 623 551 columnus.

9 584 11 601 i
61 563 92 602 Ut
98 569 170 612 grem
177 562 233 601 iuter
241 573 325 601 memes
333 562 459 612 symphonia
467 563 553 606 discors,

62 614 91 652 Et
96 624 191 653 crassum
197 617 338 660 unguentum,
346 619 368 651 et
375 614 440 652 Sardo
445 624 495 652 cum
501 613 564 652 melle
572 623 664 663 papaver

61 664 186 709 Offendunt,
194 667 278 712 poterat
286 663 336 701 duci
344 665 395 712 quie
403 674 464 703 coene
474 665 521 703 sine
529 665 585 704 istis:

61 715 96 754 Sic
105 714 183 754 enimis
191 718 266 752 natum
274 714 427 763 inventumque
435 725 511 763 poema
516 716 624 763 juvandis,

61 766 84 805 Si
92 764 191 814 paullum
199 775 212 802 s
220 774 303 803 summo
311 765 406 810 decessit,
414 765 482 813 vergit
490 766 518 803 ad
525 766 600 805 imum.

60 817 144 855 Ludere
153 815 192 863 qui
199 815 273 859 nescit,
280 816 433 863 campestribus
441 815 534 854 abstinet
539 819 611 863 armis,

61 868 207 914 indoctusque
215 864 265 914 pilae
273 865 352 904 discive
360 866 453 905 trochive
462 865 558 914 quiescit,
626 867 664 905 380

62 918 95 956 Ne
103 918 178 966 spisse
186 916 253 954 risum
260 914 338 953 tollent
345 916 433 965 impune
441 927 535 955 corones:

60 968 104 1014 Qui
112 966 186 1012 nescit,
195 976 268 1005 versus
276 971 348 1005 temen
357 967 422 1005 sudet
429 966 519 1015 fingere!
547 967 642 1013 Quidnit

7 1032 8 1061 ,
60 1018 125 1057 Liber
132 1021 155 1056 et
164 1017 275 1065 ingenuus,
285 1017 402 1065 presertim
410 1027 485 1056 census
493 1022 613 1066 equestrem

61 1070 174 1109 Summam
182 1078 324 1112 nummorum,
335 1068 429 1116 vitioque
437 1072 531 1106 remotus
539 1069 566 1107 ab
575 1070 646 1108 omni!

59 1120 95 1158 Tu
103 1118 158 1157 nibil
166 1118 234 1156 insite
242 1118 299 1156 dices
308 1117 398 1157 faciesve
407 1118 516 1163 Minerve3

60 1170 88 1209 ld
96 1170 136 1208 tibi
141 1168 247 1217 judicium
255 1172 294 1213 est,
303 1179 329 1207 ee
336 1179 397 1207 mens
405 1181 410 1206 ε
424 1169 443 1207 si
451 1168 503 1217 quid
511 1173 583 1208 temen
592 1169 644 1209 olim

59 1219 179 1269 scripseris,
188 1219 212 1257 in
221 1218 282 1257 Metii
291 1219 488 1267 descendatjudicis
497 1230 565 1264 eures,

59 1272 89 1310 Et
94 1270 168 1319 patris,
175 1273 197 1308 et
203 1274 291 1314 nostres,
301 1280 423 1318 nonumque
430 1274 538 1318 premetur
544 1270 567 1308 in
573 1280 663 1316 anuum,

60 1320 194 1360 Membrenis
202 1319 260 1358 intus
268 1320 349 1368 positis.
377 1319 453 1358 Delere
460 1320 540 1365 licebit,

58 1372 123 1418 Quod
132 1381 176 1409 non
184 1370 285 1415 ediderim
301 1370 369 1409 nescit
378 1382 421 1410 vox
428 1370 494 1410 misse
501 1371 584 1409 reverti.
625 1373 664 1410 ³9⁰

86 1421 198 1460 silvestres
205 1419 302 1459 homines
311 1431 370 1460 secer
381 1421 526 1471 interpresque
536 1421 629 1460 Deorum

6 1502 13 1521 ,
58 1472 160 1512 Caedibus
171 1475 194 1509 et
201 1471 259 1510 victu
267 1470 324 1510 foedo
333 1472 436 1510 deterruit
444 1471 552 1521 Orpheus;

6 1533 13 1540 ·
59 1523 136 1561 Dictus
147 1521 174 1559 ob
182 1520 223 1559 hoc
230 1520 298 1560 lenire
306 1523 376 1570 tigres,
384 1522 512 1571 rabidosque
520 1521 603 1561 leones:

59 1573 136 1612 Dictus
145 1575 167 1610 et
174 1571 288 1619 Amphion,
298 1573 406 1611 Thebane
414 1573 510 1611 conditor
518 1573 578 1618 ercis,

58 1625 118 1662 Saxa
125 1633 210 1661 movere
218 1632 270 1661 sono
279 1624 397 1669 testudinis,
407 1627 429 1662 et
436 1634 497 1672 prece
506 1623 586 1662 blande

59 1675 145 1713 Ducere
153 1683 196 1721 quo
203 1672 274 1712 vellet
301 1674 350 1712 Fuit
355 1674 402 1712 hoec
410 1673 515 1723 sapientie
523 1674 639 1721 qnondam,

58 1723 151 1763 Publica
158 1723 244 1772 privetis
252 1734 366 1770 secernere,
376 1735 436 1762 sacre
446 1723 546 1773 profanis,

59 1774 180 1814 Concubitu
188 1773 300 1822 prohibere
309 1786 368 1823 vago,
378 1775 428 1814 dere
434 1775 483 1823 jure
490 1773 579 1821 meritis,

59 1825 145 1875 Oppida
153 1824 230 1870 moliri,
239 1824 296 1872 leges
304 1825 397 1864 incidere
405 1826 474 1874 ligno:

58 1876 94 1915 Sic
102 1876 171 1915 honor
178 1879 201 1913 et
208 1886 286 1914 nomen
294 1875 371 1915 divinis
377 1876 461 1915 retibus
470 1879 534 1964 efflue
623 1879 661 1916 40⁰

26 1942 34 1957 ν
58 1926 195 1966 carminibus
202 1927 267 1964 venit.
296 1926 345 1965 Post
351 1926 390 1965 hos
399 1927 487 1975 insignis
518 1938 609 1973 omerus,

6 2014 7 2019 ,
58 1977 200 2027 Tyrtaeusque
208 1986 278 2015 rueres
286 1977 368 2016 enimes
376 1978 398 2015 in
408 1977 487 2016 Mertia
495 1977 553 2016 belle

6 2028 7 2033 ’
58 2027 163 2067 Versibus
171 2027 267 2072 exacuit,
282 2027 344 2066 dictes
353 2038 391 2076 per
398 2029 494 2066 carmine
501 2035 576 2074 sortes,

59 2077 146 2118 Etvvitae
155 2082 272 2116 monstrate
279 2077 315 2116 via
323 2082 365 2122 est;
379 2084 401 2116 et
408 2079 476 2126 gretie
485 2089 560 2128 regum

59 2128 135 2167 Pieriis
143 2131 226 2166 tentate
233 2128 312 2171 modis:
326 2127 432 2177 ludusque
441 2134 543 2178 repertus,

59 2178 90 2217 Et
96 2179 207 2227 longorum
214 2189 302 2226 operum
310 2178 370 2218 fluis:
386 2190 413 2217 ne
421 2179 475 2218 forte
483 2180 560 2228 pudori

59 2228 94 2269 stt
101 2229 141 2269 tibi
150 2228 213 2269 Musa
221 2228 273 2278 lyrae
281 2228 353 2276 solers,
363 2233 385 2268 et
393 2234 467 2269 centor
475 2230 558 2279 Apollo.
