1562 2568
220 180 425 223 EPISTULARUM
438 182 494 223 LIB.
508 185 526 223 l.
634 187 670 224 ies

7 316 8 327 κ
71 294 186 341 Certemus,
194 296 266 345 spinas
275 298 374 337 animone
383 310 421 348 ego
429 298 510 343 fortius,
520 311 547 338 au
557 303 582 338 tu

71 346 156 386 Evellas
165 357 225 395 κενοῖ
240 352 263 386 et
269 349 344 387 melior
351 350 379 388 sit
387 349 495 396 Horatius,
505 360 533 388 an
541 360 581 388 res.

7 396 8 401 ’
71 396 108 436 Me
118 397 214 446 quamvis
221 397 300 438 Lemiae
309 400 376 448 pletas
385 406 407 439 et
413 411 464 439 cura
471 404 571 447 moratur,

71 447 166 486 Breuem
174 449 289 495 moerentis,
298 455 358 499 rapto
366 451 393 489 de
400 450 465 490 fratre
473 451 564 490 dolentis

71 497 224 542 lnsolablliter;
238 504 311 539 tamen
319 501 373 540 istuc
381 512 441 540 mens
450 502 576 550 animusque
655 504 680 545 r‘t

71 547 126 594 Fert,
134 552 156 587 et
164 553 222 588 amat
230 551 303 598 spatiis
311 552 418 590 obstantia
426 563 523 601 rumpere
532 552 631 591 claustra.
658 544 687 573 Ψ

72 598 130 638 Rure
139 606 178 648 ego
185 600 298 647 viventem,
308 605 333 639 tu
340 603 392 640 dicis
401 602 423 640 in
432 603 484 641 urbe
493 604 592 644 beatum:
646 586 707 641 10³²
747 608 751 617 '

71 648 111 688 Cui
119 649 190 698 placet
197 649 291 695 alterins,
302 662 341 690 sue
348 652 449 690 nimirum
457 657 490 691 est
498 654 546 692 odio
555 663 605 692 sors.

71 699 153 739 Stultus
163 703 252 748 uterque
260 700 331 739 locum
339 702 469 741 immeritum
478 708 577 742 causatur
583 703 669 752 inique5

71 749 97 788 In
106 750 169 800 culpa
177 755 210 789 est
217 751 308 795 animus,
318 753 354 799 qui
364 763 387 790 se
396 763 439 790 non
447 753 521 802 effugit
528 764 630 802 unquam.

70 800 104 839 Tu
112 801 253 840 mediastinus
261 802 326 840 tacita
334 813 396 850 prece
404 813 454 840 rura
461 805 559 851 petebam

7 856 8 859 ’
70 850 134 890 Nunc
142 852 217 890 urbem
226 855 247 889 et
257 851 319 891 ludos
327 859 349 890 et
356 853 433 891 balnea
440 853 524 893 villicus
533 858 606 902 optas:

71 901 107 940 Me
115 907 211 941 constare
220 902 273 940 mihi
281 903 328 946 scis,
337 907 360 941 et
367 903 475 942 discedere
484 905 572 950 tristem,

7 950 8 957 ’
70 952 246 1001 Quandocunque
254 952 342 992 trabunt
350 953 417 992 invisa
425 955 510 1001 negotia
519 954 617 994 nomam.

71 1001 120 1041 Non
128 1004 203 1041 eadem
212 1003 326 1048 miramon
340 1015 366 1042 eo
374 1003 506 1043 disconvenit
513 1004 569 1043 inter

71 1052 149 1101 Meque
158 1058 180 1092 et
188 1058 220 1092 to:
234 1065 291 1098 nam,
300 1064 348 1102 quae
359 1055 441 1093 deserta
449 1061 471 1093 et
479 1055 587 1103 inhospita
594 1058 670 1105 tesqua

70 1102 149 1149 Credis,
159 1115 244 1142 amoena
251 1110 318 1147 vocat.
328 1116 411 1144 mecum
421 1106 458 1153 qui
464 1107 535 1150 sentit,
543 1110 565 1143 et
573 1106 618 1143 odit
643 1109 669 1144 2⁰

71 1153 124 1200 Quae
133 1157 157 1192 tu
163 1153 253 1204 pulchra
261 1159 324 1204 putas
333 1168 337 1193 :
352 1155 423 1194 fornix
431 1156 470 1195 tibi
479 1160 500 1194 et
509 1160 574 1195 uncta
583 1157 662 1205 popina

70 1203 182 1243 Incutiunt
190 1206 248 1244 urbis
257 1205 391 1252 desiderium,
400 1207 472 1253 videm
487 1211 509 1246 et
519 1208 577 1255 quod

70 1254 167 1303 angulus
176 1254 215 1295 iste
224 1256 278 1294 leret
284 1257 344 1306 piper
353 1261 375 1296 et
382 1262 416 1295 tus
425 1258 483 1296 ocius
492 1269 545 1301 uva:

7 1298 8 1317 ¹
70 1305 116 1344 Nec
124 1305 195 1344 vicina
202 1307 280 1351 subest,
290 1307 364 1346 vinum
373 1308 474 1356 praebere,
484 1308 579 1354 taberna,

70 1356 124 1402 Quoe
132 1357 198 1405 possit
206 1357 256 1395 tibi:
272 1368 312 1396 nec
320 1360 420 1397 meretrix
429 1359 523 1403 tibicina,
532 1361 594 1407 ouius

70 1406 104 1445 ad
112 1407 223 1455 strepitum
232 1407 296 1447 sellas
304 1413 366 1448 terre
374 1409 443 1457 gravis
451 1421 455 1447 :
472 1414 494 1448 et
502 1414 573 1448 tamen
582 1420 644 1458 urges

7 1464 8 1471 ¹
69 1456 202 1506 Jampridem
210 1468 254 1495 non
262 1461 318 1497 tacta
326 1458 432 1507 ligonibus
441 1471 497 1505 arva,
504 1460 623 1508 bovemque

69 1507 206 1555 Dlsjunetum
215 1517 282 1553 curas,
292 1515 314 1547 et
322 1510 400 1548 strictis
407 1510 518 1549 frondibus
526 1510 599 1560 exples
608 1523 612 1548 :

69 1557 136 1596 Addit
144 1568 197 1609 opus
205 1558 264 1606 pigro
272 1559 336 1604 rivus,
346 1560 364 1598 si
372 1561 451 1598 decidit
459 1561 532 1605 imber,

69 1606 141 1648 Multa
148 1607 204 1646 mole
212 1609 320 1647 docendus
328 1611 398 1659 aprico
406 1621 491 1658 parcere
499 1614 566 1659 prato.
644 1613 671 1649 30¹

68 1658 139 1704 Nunc,
149 1669 194 1706 age,
204 1658 256 1705 quid
264 1663 359 1697 nostrum
368 1665 493 1699 concentum
502 1661 589 1706 dividat,
598 1662 655 1699 audi.

69 1710 138 1756 Quem
147 1713 222 1747 tenues
229 1709 318 1747 decuere
328 1713 382 1757 togae
391 1710 495 1758 nitidique
501 1710 580 1759 capilli,

68 1760 138 1807 Quem
150 1758 191 1798 scis
199 1758 317 1797 immunem
326 1760 407 1798 Cinarae
415 1760 520 1809 placuisse
527 1761 605 1809 rapaci,

69 1810 138 1855 Quem
147 1808 245 1848 bibulum
252 1808 329 1858 liquidi
337 1811 409 1848 media
416 1813 442 1849 de
451 1810 498 1849 luce
508 1810 598 1857 Falerni,

66 1858 207 1903 omnabrevis
212 1861 279 1908 juvat,
286 1863 376 1910 etprope
382 1862 451 1899 rivum
459 1872 545 1900 somnus
554 1862 576 1900 in
584 1861 664 1902 herba:

69 1908 114 1953 itae
122 1910 198 1957 lusisse
207 1911 279 1958 pudet,
289 1912 326 1949 sed
335 1922 378 1950 non
386 1911 478 1950 incidere
487 1911 570 1950 ludum.

67 1960 174 2009 Non-istic
183 1960 270 2008 obliquo
278 1960 339 2000 oculo
347 1973 381 1999 me
403 1963 514 2000 commoda
523 1963 636 2011 quisquam
772 2010 773 2019 ἵ

166 2012 363 2051 nonodioobscuro
394 2019 595 2061 orsuquevenenat:
772 2048 773 2063 ,

7 2058 8 2065 ’
69 2057 135 2108 ὶῑῇἶϋπ
158 2061 530 2110 viciniglebasetsaxamoventem.
772 2070 773 2093 l

99 2131 116 2146 v·
129 2110 195 2155 amis
203 2113 440 2154 urbanadiariarodere
471 2115 543 2165 avlsfl'
643 2117 669 2155 to

720 690 724 711 p
770 680 773 703 i

68 2202 76 2210 ,
88 2159 111 2196 ”2
120 2189 122 2194 ,
135 2183 146 2198 n
160 2164 184 2205 tu
192 2162 215 2203 in
224 2170 337 2203 numerum
345 2169 394 2204 voto
402 2165 434 2203 rui
487 2165 572 2204 invidet
579 2176 644 2205 usum

125 2231 129 2240 Δ
151 2224 182 2253 nn
191 2218 213 2253 et
220 2216 302 2264 pecoris
310 2216 349 2255 tibi
358 2216 405 2257 calo
412 2220 500 2266 argutus
508 2220 530 2257 et
538 2216 601 2256 horti.
